1738 2867
831 238 840 239 f
877 238 960 304 „—
999 269 1064 318 68
1102 299 1163 305 -

416 474 523 527 tur,
552 460 586 512 ii
630 458 897 530 Principis
922 459 1214 513 famulatui
1255 458 1474 531 proprie
1511 473 1640 513 sunt

342 624 344 627 ,
420 553 639 622 addicti7
681 572 921 625 quorum
959 572 1252 626 magnum,
1303 568 1422 607 tum
1462 546 1637 622 dorni,

416 662 535 702 tum
582 647 806 702 militiae
846 666 1141 702 numerum
1174 648 1297 701 Dux
1340 648 1539 717 habetz,
1578 649 1636 715 ii,

418 743 586 796 modo
634 759 692 796 ut
731 761 830 815 pro
868 743 1041 812 Duce,
1079 743 1345 797 vilissima
1385 761 1637 815 quaeque

421 855 652 891 munera
684 838 831 892 obire
873 839 1015 893 soliti
1059 852 1204 892 sunt.
1247 838 1413 891 Hanc
1454 856 1635 910 popu-

419 934 599 987 lorum
642 934 805 988 fidem
848 950 899 988 et
963 933 1335 989 obedientiam
1375 934 1636 987 illustrio-

419 1049 536 1085 rem
569 1030 733 1085 etiam
761 1029 936 1084 reddit
961 1030 1210 1102 ipsorum
1245 1030 1501 1084 severitas
1532 1031 1637 1083 Re-

418 1144 573 1198 gum,
600 1125 693 1197 qui
736 1126 880 1179 viros
922 1125 1316 1195 nobilissimos,
1346 1139 1632 1196 aetateque

420 1220 755 1274 venerabiles
780 1234 983 1274 temere
1009 1221 1212 1289 necari,
1243 1235 1336 1274 aut
1381 1221 1632 1274 servilem

418 1320 470 1372 in
507 1319 738 1372 modum
764 1315 927 1387 virgis
957 1315 1108 1370 caedi
1142 1315 1351 1386 jubent.
1393 1316 1475 1369 Illi
1511 1334 1638 1369 vero

418 1412 573 1466 humi
607 1430 722 1465 sese
760 1423 1187 1482 prosternenteS,
1217 1429 1327 1464 non
1362 1425 1488 1464 ante
1513 1429 1637 1464 sur-

421 1519 576 1578 gunt„
607 1522 776 1576 quam
809 1504 964 1557 lictor
999 1503 1261 1558 caedendi
1296 1504 1462 1558 finem
1495 1504 1636 1559 fece-

419 1604 505 1658 rit.
535 1605 731 1675 Neque
752 1618 938 1658 tamen
960 1600 1035 1653 sic
1055 1598 1261 1671 accepti
1284 1617 1315 1652 a
1338 1599 1513 1669 Duce,
1536 1599 1636 1653 ali-

421 1718 530 1771 qua
548 1698 602 1752 in
620 1699 773 1752 illum
802 1696 1186 1752 malevolentia
1212 1695 1635 1766 suffunduntur,

420 1808 515 1848 aut
568 1794 800 1849 obscure
855 1791 1228 1860 maledicunt,
1268 1805 1457 1845 contra
1506 1810 1637 1846 vero

419 1890 512 1944 ubi
545 1908 659 1944 sese
686 1890 779 1944 dat
803 1889 1038 1957 occasio7
1078 1887 1247 1941 Ducis
1287 1887 1636 1942 clementiam

416 1985 602 2039 multis
634 1984 889 2038 laudibus
927 1983 1220 2038 celebrant.
1251 1984 1497 2038 Tantam
1537 2002 1636 2038 au-

416 2096 529 2135 tem
561 2079 710 2152 apud
739 2079 973 2151 populos
1000 2080 1388 2135 auctoritatem
1416 2081 1630 2136 Princi-

416 2195 510 2247 pes
536 2174 773 2229 maxime
799 2174 901 2228 sibi
941 2174 1118 2245 specie
1143 2177 1387 2247 quadam
1422 2178 1636 2250 pietatis

418 2270 728 2325 conciliant.
762 2270 815 2323 Is
841 2269 1010 2338 enirn7
1040 2270 1132 2341 qui
1170 2270 1271 2324 hoc
1305 2286 1556 2343 tempore
1581 2271 1636 2324 in

421 2365 707 2420 Moscovia
753 2379 945 2438 regnat
1008 2365 1253 2420 Joannes
1310 2367 1521 2435 Basilii,
1570 2367 1637 2420 de

419 2477 574 2515 nocte
629 2460 826 2514 dicitur
883 2478 1104 2532 surgere
1168 2460 1238 2514 ad
1296 2460 1636 2532 precationes
