1738 2867
371 478 511 531 blico
556 490 758 530 carent.
815 477 1012 528 Annos
1057 470 1233 525 Mosei
1283 485 1580 525 numerant

373 574 440 627 ab
466 572 583 644 ipso
617 571 807 625 mundi
846 568 1090 636 exordiQ
1127 580 1582 637 praesentemque

370 685 600 735 annum,
627 666 718 737 qui
746 685 777 719 a
804 663 1002 720 Christi
1030 660 1198 714 natali
1218 674 1297 714 est
1322 678 1582 715 MDLxxxn

372 762 472 834 ipsi
521 761 819 833 septimum
874 755 1232 813 millesimum
1289 755 1582 827 nonagesi-

374 874 529 910 mum
588 855 831 928 primum
874 863 917 899 72
965 869 1261 909 numerant
1317 855 1387 908 ab
1451 854 1584 908 orbe

374 952 614 1019 condito⁷
652 951 875 1022 ejusque
912 950 1124 1004 initium
1165 949 1387 1021 capiunt
1415 967 1446 1003 a
1471 949 1580 1003 kal.

374 1045 734 1118 Septembris,
762 1063 928 1116 quem
962 1044 1107 1098 diem
1134 1043 1356 1115 publica
1383 1043 1584 1098 laetitia
1636 1106 1643 1109 ,

374 1140 675 1211 faustisque
699 1140 980 1194 ominibus
1015 1138 1309 1194 celebrant.
1343 1136 1586 1212 Sugges-

375 1247 491 1287 tum
519 1233 573 1286 in
613 1232 733 1286 foro
758 1232 1045 1301 excitatur,
1087 1234 1140 1287 in
1176 1234 1326 1304 quod
1373 1233 1586 1288 Metro-

379 1328 653 1400 politanus
699 1342 749 1381 et
795 1327 919 1381 Dux
968 1329 1366 1399 conscendunt,
1407 1328 1588 1401 ibique

379 1425 568 1480 aestati
616 1424 880 1479 nuncium
932 1444 988 1479 se
1047 1426 1236 1480 dicunt
1287 1425 1580 1481 remittere.

378 1520 842 1592 Metropolitanus
867 1539 1070 1592 aquam
1101 1522 1205 1575 ritu
1235 1522 1467 1576 solemni
1494 1522 1590 1577 be-

379 1617 601 1686 nedicit,
626 1635 797 1689 eaque
821 1617 1053 1687 Ducem,
1078 1619 1459 1691 populumque
1485 1619 1590 1673 cir-

381 1711 699 1766 cumfusum
724 1712 1021 1785 adspergit,
1057 1728 1223 1786 atque
1258 1729 1377 1769 tum
1411 1715 1593 1787 ipsum

384 1810 618 1879 Ducem,
645 1823 765 1862 tum
810 1810 950 1863 filios
987 1811 1100 1881 ejus
1138 1829 1295 1866 cruce
1333 1812 1591 1882 lustranS‚

382 1904 604 1977 longam
637 1905 724 1974 iis,
758 1905 1080 1979 felicemque
1114 1908 1280 1962 vitam
1318 1923 1591 1980 precatur,

383 2000 734 2072 populusque
785 2000 1031 2056 similiter
1085 2003 1303 2075 magnis
1367 2003 1595 2058 vocibus

384 2095 584 2149 clamat
611 2115 622 2150 :
654 2096 896 2168 Magnus
928 2097 1191 2170 Princeps
1218 2112 1421 2168 noster,
1451 2099 1594 2170 ejus-

385 2208 490 2260 que
523 2190 676 2244 liberi
703 2191 808 2245 sint
833 2191 1133 2247 diutissime
1159 2194 1492 2266 superstite5‚
1534 2212 1597 2248 ac

385 2285 584 2358 singuli
626 2285 773 2340 festis
799 2288 1225 2343 salutationibus
1265 2290 1487 2363 longam
1512 2290 1595 2344 in-

384 2380 559 2435 vicem
583 2368 754 2436 vitam
776 2383 1115 2438 ominantur.

459 2478 604 2531 Ante
673 2495 882 2532 annum
954 2479 1161 2534 circiter
1224 2467 1597 2554 quingentesi-
