1738 2867
584 257 846 304 -23-..

107 443 354 517 pretibus
399 444 645 498 sedentes
694 444 747 497 in
800 444 952 515 equis
999 445 1051 497 in
1092 446 1234 500 viam
1270 467 1324 502 se

106 540 272 607 dant:,
301 539 505 611 pedites
532 539 620 593 alii
645 553 751 592 tres
780 539 1061 594 pontificis
1093 542 1324 597 Maximi

109 652 339 689 munera
364 634 630 688 ferebant.
673 635 784 688 Eos
826 636 1010 689 statim
1046 655 1321 709 purpura·

105 744 289 783 torum
321 730 568 801 equitum
596 748 793 784 manus
827 732 1055 803 excepit,
1083 751 1321 803 quorum

107 826 273 880 duces
322 826 575 879 Thomas
615 826 942 880 Buturlinus
991 842 1041 880 et
1083 828 1321 883 Michael

109 921 370 993 Begimus
397 921 467 990 37,
489 921 721 976 solemni
748 922 1076 976 salutatione
1100 923 1164 978 Ρ.
1192 925 1324 979 Pos-

103 1018 291 1072 sevino
333 1019 631 1090 appellat0‚
676 1017 868 1071 eadem
904 1036 1045 1089 quae
1086 1020 1323 1090 proximi

104 1113 293 1167 nuncii
324 1127 622 1186 peragunt3
654 1128 795 1182 tum,
823 1112 1170 1185 singulorum
1196 1115 1324 1169 dex-

104 1223 215 1262 tras
240 1210 466 1264 comiter
497 1223 842 1281 prensanteS‚
872 1227 1066 1263 eorum
1095 1228 1208 1264 sese
1232 1231 1321 1266 co-

104 1303 319 1357 mitatui
359 1304 685 1376 adjungunt.
731 1304 860 1372 Via,
909 1323 1016 1375 qua
1055 1304 1322 1377 ingredie-

104 1399 336 1470 bantur,
383 1380 1087 1474 duplici'sclopetariorum
1135 1403 1322 1457 ordine

105 1496 372 1551 instructa
419 1512 570 1566 erat,
617 1497 711 1569 qui
766 1497 959 1552 vestitu
1016 1499 1324 1553 versicolori

103 1593 249 1647 viam
274 1610 522 1662 omnem⁷
544 1612 823 1665 nusquam
851 1594 1040 1666 spatiis
1060 1594 1324 1648 intermis-

105 1686 200 1755 siS‚
240 1704 504 1760 perpetua
545 1688 681 1743 serie
719 1689 788 1742 ad
832 1689 1114 1743 Palatium
1152 1708 1326 1761 usque

104 1798 155 1836 et
193 1786 370 1838 scalas
406 1785 715 1858 explebant.
759 1786 824 1839 In
867 1785 999 1858 ipsis
1031 1785 1190 1838 scalis
1224 1786 1325 1838 du-

104 1882 228 1954 plex
258 1882 387 1936 item
421 1881 677 1954 apparuit
705 1881 843 1935 ordo
869 1895 1324 1954 purpuratorum,

107 1979 307 2052 quibus
335 1979 385 2033 in
414 1979 607 2033 mediis
634 1979 744 2033 duo
767 1978 841 2032 illi
871 1977 1049 2050 Regni
1076 1994 1328 2050 proceres

107 2090 500 2143 occurrerunt7
552 2075 641 2146 qui
696 2074 928 2128 solemni
986 2072 1328 2127 salutationis

106 2171 349 2225 carmine
397 2171 463 2224 Ρ.
517 2170 889 2224 possevinum
938 2183 1223 2240 exceptum
1275 2167 1328 2220 in

107 2268 294 2322 aulam
339 2267 692 2321 induxerunt.
743 2267 808 2320 In
835 2266 963 2319 aula
989 2265 1163 2319 multa
1191 2263 1330 2316 vise-

106 2363 310 2418 bantur
336 2363 597 2418 subsellia
632 2376 1068 2435 purpuratorum
1111 2358 1329 2425 referta,

105 2457 180 2513 ita
215 2473 274 2513 ut
311 2459 618 2532 posteriora
655 2476 872 2530 semper
897 2457 1150 2530 paullum
1194 2452 1329 2507 emi-
