1738 2867
835 212 1014 306 ..fi-⁷5
1041 270 1096 277 ..

355 431 639 503 tritieoque
666 432 961 501 conficitur)
999 431 1153 501 cujus
1186 445 1398 502 partem
1434 429 1569 484 libat

354 527 628 592 sacerdos7
657 526 924 597 ceterique
951 526 1041 597 qui
1071 526 1291 579 adsunt.
1324 525 1566 578 Defunc-

352 638 530 676 torum
556 642 776 694 quoque
803 623 1018 695 cognati
1053 641 1278 694 panem,
1305 621 1567 693 variaque

352 719 554 771 cibaria
589 737 752 789 super
778 719 1057 771 tumulum
1094 732 1406 790 apponunt,
1434 736 1566 788 quo-

351 832 475 866 rum
525 813 811 866 dimidiam
853 827 1065 884 partem
1113 813 1216 866 sibi
1267 812 1435 866 sumit
1474 830 1564 865 sa-

351 908 559 975 cerdos,
603 908 811 978 reliqua
847 908 898 961 in
946 927 1213 980 pauperes
1260 907 1565 961 ministros-

349 1022 454 1074 que
540 1003 800 1056 dividitur
825 1045 838 1070 ,
922 1003 1299 1073 locupletiores
1378 1016 1562 1056 autem

348 1098 723 1152 sacerdotibus
763 1099 949 1165 etiam„
987 1113 1080 1151 aut
1119 1113 1259 1152 certe
1303 1098 1562 1170 pauperi-

349 1193 711 1264 bus7epulum
731 1194 884 1261 dant,
902 1212 1041 1265 quae
1064 1194 1286 1265 quidem
1312 1193 1562 1248 aMoscis

346 1288 458 1341 fieri
491 1288 692 1341 mirum
724 1305 823 1357 est,
862 1307 987 1341 cum
1030 1289 1062 1342 ii
1088 1288 1331 1343 Graecos
1364 1287 1561 1343 imitati

345 1387 556 1440 nullum
585 1406 699 1440 esse
726 1387 1034 1460 Purgatorii
1058 1386 1241 1440 locum
1266 1398 1477 1457 putent⁷
1503 1383 1559 1437 in

343 1500 452 1551 quo
501 1484 719 1552 piorum
763 1483 932 1536 animi
965 1482 1229 1553 tantisper
1273 1481 1395 1552 igne
1435 1497 1559 1533 cru-

343 1575 572 1644 cientur„
622 1578 756 1631 dum
815 1579 885 1632 ab
925 1577 1183 1631 omnibus
1238 1575 1558 1629 criminibus

343 1671 539 1742 expiati
588 1674 802 1726 evolent
860 1673 912 1727 in
973 1675 1186 1728 coelum
1221 1683 1285 1728 77.
1343 1674 1556 1729 Eodem

342 1784 527 1819 mense
572 1786 643 1820 xii
698 1769 805 1822 kal.
865 1768 957 1840 qui
1006 1769 1118 1822 dies
1175 1768 1231 1824 S.
1284 1770 1553 1838 Helenae,

340 1860 819 1934 Constantinoque
851 1865 1175 1935 Imperatori
1213 1881 1292 1919 est
1317 1866 1552 1934 dicatuS‚

338 1956 504 2009 aliam
532 1957 736 2011 habent
776 1959 1153 2031 longissimam
1199 1960 1552 2032 supplicatio-

340 2069 494 2118 nem,
552 2071 661 2123 qua
726 2068 899 2107 totam
960 2055 1233 2109 civitatem
1297 2057 1546 2110 lustrant.

341 2144 504 2199 Hanc
550 2149 806 2219 prosequi
855 2151 977 2204 Dux
1029 2150 1304 2222 ingressus
1364 2153 1550 2224 paullo

337 2257 458 2311 post
484 2243 714 2296 domum
747 2246 1047 2300 revertitur.
1084 2247 1243 2302 Diem
1271 2267 1398 2302 vero
1426 2248 1551 2302 Pal-

336 2355 556 2390 marum
576 2338 838 2411 singulari
863 2343 1208 2396 caeremonia
1233 2344 1506 2398 celebrant
1532 2364 1544 2399 :

337 2431 800 2504 Metropolitanus
819 2436 869 2489 in
892 2455 1096 2508 equum
1116 2440 1220 2493 tela
1253 2439 1546 2495 instratum
