1738 2867
584 237 849 285 *35-

101 422 213 477 bris
239 422 437 493 rejecta
464 437 610 478 sunt.
641 424 723 478 Eo
761 425 847 479 die
885 427 1073 481 eaden]
1101 429 1324 484 celebri-

101 533 212 574 tate
238 537 269 574 a
299 518 451 573 Duce
490 520 649 574 tertio
683 536 1000 591 evocantur,
1039 524 1326 596 jussusque

104 629 185 670 est
235 615 301 668 P.
358 615 714 684 PossevinuS‚
765 635 905 688 quae
953 619 1328 688 superioribus

104 711 297 766 diebus
330 711 635 766 instituerat
668 730 793 766 cum
823 711 1159 768 Consiliariis
1196 734 1326 769 con-

106 808 343 863 cludere.
385 807 517 879 Quo
561 808 646 862 die
685 826 811 863 curn
867 827 1008 863 unus
1044 829 1070 864 e
1115 813 1328 866 comiti-

104 904 208 959 bus
236 904 433 959 morbo
466 904 619 958 domi
657 919 899 960 retentus
942 920 1101 974 esset,
1142 906 1329 960 statim

109 1000 232 1054 Dux
295 1001 381 1061 ad,
429 1018 556 1054 eum
618 1000 797 1055 virum
856 1001 1162 1073 principem
1220 1002 1324 1055 mi-

106 1094 194 1163 sit,
227 1094 320 1166 qui
347 1095 732 1164 sciscitaretur7
772 1114 905 1149 num
942 1115 1052 1168 qua
1092 1115 1148 1150 re
1192 1097 1330 1150 indi-

107 1192 289 1263 geret?
318 1209 384 1244 ac
409 1191 596 1263 paullo
630 1205 753 1262 post
783 1209 944 1245 suum
975 1191 1139 1245 etiam
1166 1191 1334 1245 rnedi-

108 1304 237 1341 cum
291 1285 572 1340 hominem
636 1286 861 1358 Belgam
922 1285 1080 1341 officii
1142 1306 1331 1341 caussa

110 1381 398 1454 delegavit.
448 1379 600 1435 Solet
655 1396 841 1436 autem
892 1382 1015 1435 Dux
1065 1397 1177 1437 tam
1226 1383 1332 1437 fre-

110 1491 342 1550 quenter
370 1477 578 1550 legatos
610 1477 680 1531 ad
707 1495 761 1531 se
789 1495 1084 1545 accersere,
1113 1496 1179 1531 ne
1215 1477 1333 1531 adi-

110 1588 198 1627 tus
223 1573 293 1627 ad
320 1591 375 1626 se
399 1572 502 1626 illis
530 1572 857 1627 interclusus
879 1573 1161 1640 videatur3
1186 1574 1335 1645 quod

112 1683 293 1724 autem
323 1686 418 1741 per
444 1666 785 1721 consiliarios
811 1669 1158 1740 respondeat,
1193 1668 1246 1722 in
1273 1686 1336 1721 eo

111 1763 351 1819 creditur
377 1779 537 1816 suam
556 1781 772 1817 servare
798 1764 1171 1835 majestatem3
1202 1764 1337 1818 inter

113 1859 576 1916 consultationem
627 1877 776 1927 vero,
836 1877 961 1912 cum
1021 1859 1337 1929 hujusmodi

116 1959 295 2013 nodus
329 1956 627 2024 incidisset,
650 1974 814 2028 quern
843 1956 1151 2011 Consiliarii
1177 1974 1337 2028 expe-

114 2055 228 2109 dire
255 2053 356 2126 ipsi
390 2071 485 2125 per
511 2071 565 2106 se
600 2070 712 2105 non
736 2053 1020 2113 auderent,
1069 2052 1241 2123 deque
1277 2069 1340 2104 ea

117 2170 174 2205 re
219 2151 290 2205 ad
342 2150 555 2204 Ducem
611 2149 944 2213 retulissent,
992 2145 1255 2216 delegavit
1298 2145 1340 2198 is

119 2245 379 2301 Mikitam
398 2244 869 2300 Romanovictum
899 2252 959 2307 47,
987 2233 1197 2314 primae
1218 2258 1341 2293 con-

117 2341 259 2415 jugis
283 2341 604 2395 demortuae
638 2340 885 2406 fratrem,
918 2355 1169 2390 summae
1209 2352 1339 2388 auc-

119 2436 350 2492 toritatis
411 2436 593 2490 virum
650 2449 701 2489 et
774 2432 1103 2505 Bogdanum
1177 2428 1342 2482 Bicls-
