1738 2867
535 177 770 271 *443
812 235 871 243 —

129 410 318 468 perato
368 395 551 468 (patet
599 394 643 448 is
698 413 1116 467 quaquaversus
1178 399 1346 453 millia

129 508 394 564 passuum
446 490 866 563 quinquaginta)
913 491 1006 546 ubi
1049 494 1346 566 Novogat·-

130 587 281 640 diam
338 586 633 640 deventum
679 601 780 653 est,
848 601 1068 658 praesto
1127 589 1348 643 Nostris

129 680 278 735 fuere
328 681 693 735 Tartarorum
741 681 853 734 duo
905 681 1102 751 millia,
1152 684 1345 737 Novo-

131 777 321 850 gardia
397 795 428 830 a
487 776 807 830 Moscoviae
876 777 1027 831 Duce
1091 778 1343 845 praesidii

130 891 325 927 caussa
351 872 520 927 missi.
558 872 783 926 Horum
815 872 1134 927 Praefectus
1169 872 1349 943 (Voje-

129 968 333 1022 vodam
359 968 432 1023 illi
458 980 673 1039 vocant)
699 967 1031 1022 christianus
1057 985 1182 1021 cum
1209 982 1348 1022 esset

133 1063 344 1134 (reliqui
381 1062 528 1117 enim
574 1062 962 1117 Mahometicis
1008 1062 1349 1134 superstitio-

130 1158 291 1213 nibus
320 1174 475 1212 erant
502 1158 719 1227 addicti)
745 1177 799 1212 se
824 1176 1094 1229 suamque
1122 1176 1349 1230 operam

128 1253 191 1308 iis
233 1253 440 1326 prolixe
475 1253 686 1308 detulit.
728 1253 866 1307 Inde
918 1251 1176 1324 Basilius,
1217 1254 1352 1308 alter

128 1352 510 1426 interpretum,
539 1353 591 1406 in
631 1353 976 1406 Polonorum
1014 1365 1192 1405 castra
1223 1350 1350 1404 mis-

129 1467 221 1502 sus
249 1462 350 1516 est,
389 1447 483 1519 qui
527 1449 736 1520 Regem
772 1447 838 1500 de
878 1446 1216 1501 Nostrorum
1255 1446 1350 1499 ad-

130 1559 295 1599 ventu
331 1544 616 1598 certiorem
648 1543 865 1613 faceret,
905 1557 1073 1614 utque
1108 1540 1178 1594 ad
1213 1541 1348 1595 fines

131 1640 390 1709 mitteret,
424 1640 517 1712 qui
574 1659 666 1694 eos
707 1654 826 1694 tuto
864 1639 1214 1694 deducerent.
1259 1639 1351 1692 In-

128 1755 276 1791 terea
314 1736 450 1790 dum
486 1754 814 1808 responsum
860 1750 1178 1807 expectatur
1204 1744 1348 1807 ‘qua-

130 1847 255 1886 tuor
327 1831 442 1885 dies
505 1831 802 1885 elabuntur
862 1850 875 1886 :
929 1849 1039 1902 quo
1101 1846 1350 1905 tempore

130 1927 300 1999 ipsius
334 1926 649 1981 Moscoviae
682 1926 847 1982 Ducis
873 1927 1138 1999 interpres
1167 1946 1198 1981 a
1231 1928 1350 1981 Ru-

128 2021 344 2076 thenico
378 2022 671 2077 schismate
700 2023 770 2076 ad
809 2021 1140 2076 catholicam
1188 2021 1351 2075 fidem

131 2118 418 2172 traductus
462 2132 559 2172 est.
618 2118 887 2172 Poloniae
933 2119 1072 2185 Rex,
1110 2118 1350 2172 Nostro-

129 2232 252 2268 rum
332 2214 573 2268 adventu
646 2213 898 2286 cognit0‚
963 2213 1349 2267 Alexandrum

134 2310 460 2365 Brunstium
481 2310 833 2378 Lithuaniae‚
861 2323 916 2362 ut
940 2324 1160 2377 vocant,
1189 2309 1353 2380 Dapi-

131 2406 332 2477 ferum,
371 2426 496 2462 cum
523 2408 678 2480 equis
712 2408 958 2463 ducentis
987 2409 1057 2462 ad
1083 2425 1353 2480 passuum
