1738 2867
863 215 946 278 f—
982 214 1150 306 43—

410 434 535 487 dem
560 433 983 505 digrederentur.
1016 433 1124 487 Hic
1150 432 1412 503 Princeps
1444 451 1620 486 assur-

408 547 559 600 gens,
589 529 881 599 ceterisque
903 543 961 582 ut
982 528 1128 582 idem
1154 528 1412 596 facerent,
1440 527 1618 601 irnpe-

407 641 551 685 ram,
599 622 829 690 Antoni,
886 623 1083 694 inquit,
1136 623 1205 676 ad
1271 622 1618 695 Stephanum

411 718 618 790 Regem
647 716 768 785 ibis7
799 735 1034 788 eumque
1068 736 1192 771 meo
1226 716 1447 772 nomine
1475 719 1619 772 salu·

408 813 567 879 tabiS‚
595 831 895 884 pacemque
929 830 989 865 ex
1032 811 1295 866 mandato
1337 813 1616 867 Pontificis

404 908 631 961 Maximi
679 908 970 976 tractabisz,
1011 923 1153 976 tum,
1200 908 1468 980 quidquid
1525 909 1616 963 de-

406 1021 556 1056 mum
585 1003 892 1075 perfeceris5
921 1003 989 1056 ad
1031 1021 1129 1056 nos
1159 1015 1444 1071 revertere,
1475 1021 1613 1057 sem-

403 1118 497 1170 per
535 1099 676 1153 enim
719 1114 813 1153 tua
843 1098 1001 1153 nobis
1036 1098 1341 1170 praesentia
1374 1097 1613 1167 jucunda

403 1194 521 1262 erit,
539 1209 656 1248 tum
682 1208 903 1267 propter
930 1193 1255 1248 Pontificem
1277 1192 1609 1263 Maximum,

400 1303 519 1341 tum
566 1302 785 1361 propter
824 1303 975 1342 tuam
1027 1287 1243 1341 fidelem
1288 1306 1515 1362 operam
1555 1289 1609 1344 in

399 1384 499 1437 hac
525 1401 716 1437 caussa
743 1398 1041 1453 navatam3
1083 1382 1208 1437 inde
1236 1382 1305 1436 ad
1340 1381 1609 1438 Sacerdo-

398 1486 531 1547 tem,
553 1480 645 1551 qui
681 1481 901 1533 Roman
927 1478 1247 1533 mittebatur
1266 1496 1561 1533 conversus
1593 1498 1603 1532 ε

398 1574 510 1641 Tu,
555 1576 752 1647 inquit,
800 1576 868 1628 ad
912 1575 1236 1629 Pontificem
1296 1573 1606 1629 Maximum

394 1671 770 1742 proficisceriS‚
796 1689 1033 1743 eumque
1063 1689 1186 1724 meo
1224 1670 1470 1725 similiter
1504 1689 1606 1725 no-

395 1766 541 1819 mine
601 1766 863 1820 salutabis
911 1780 962 1819 et
1018 1784 1246 1820 munera
1290 1767 1605 1839 litterasque

395 1859 603 1913 reddes.
653 1861 861 1914 Eadem
910 1861 1154 1914 Joannes
1219 1861 1361 1914 filius
1425 1862 1603 1916 verbis

392 1954 583 2009 iisdem
652 1957 876 2029 peregit.
941 1957 1030 2010 Ad
1102 1973 1409 2014 extremum
1479 1961 1602 2016 Dux

393 2050 621 2104 alterum
667 2053 1029 2120 sacerdotem,
1081 2054 1175 2125 qui
1212 2055 1265 2107 in
1314 2055 1599 2110 Moscovia

390 2145 729 2214 remanebat,
765 2148 833 2200 ad
868 2167 922 2201 se
955 2165 1135 2218 vocat,
1170 2166 1227 2205 tu
1261 2152 1368 2221 hie,
1402 2153 1598 2225 inquit,

391 2255 606 2292 mecum
639 2240 739 2293 eris
762 2240 813 2294 in
849 2242 1157 2316 Moscovia,
1192 2261 1463 2319 caputque
1495 2248 1596 2302 ho-

388 2332 550 2386 minis
604 2334 941 2407 demulcens,
991 2340 1059 2393 ad
1110 2341 1177 2395 P.
1227 2342 1595 2396 possevinum

388 2425 519 2480 dixit
572 2447 582 2481 :
625 2430 779 2485 Bono
834 2432 1021 2487 animo
1075 2435 1169 2505 sis⁷
1225 2437 1456 2508 Antoni,
1508 2438 1594 2493 hic
