1738 2867
625 214 888 258 —3—.-

727 249 781 278 Ἰ

144 407 196 461 in
221 406 479 461 interiore
508 424 677 478 regno
701 405 803 460 sita
821 420 900 460 est
927 407 1307 474 munitissima)
1332 428 1362 463 a

146 501 410 556 Poloniae
430 519 553 575 rege
580 499 1052 554 vehementissime
1079 520 1361 573 oppugna-

142 611 313 665 retur,
374 596 499 650 Dux
530 595 595 649 P.
635 595 997 649 Possevinum
1027 597 1273 669 urgebat,
1303 614 1361 653 ut

142 691 305 745 salvis
348 690 529 744 adhuc
569 689 732 743 rebus
769 689 1238 745 Plescoviensibus
1288 693 1356 746 ad

146 786 410 841 Poloniae
449 786 660 858 Regem
709 802 1015 841 excurreret
1059 805 1360 861 pacemque

139 896 513 955 componeret.
574 882 767 953 Itaque
802 895 916 937 tota
962 901 1046 937 res
1090 902 1151 938 ex
1194 883 1360 939 Ducis

137 979 421 1033 voluntate
468 977 544 1031 sic
570 977 745 1032 divisa
771 992 873 1047 est,
900 993 958 1033 ut
990 997 1056 1033 ex
1101 981 1356 1034 sacerdo-

133 1075 280 1128 tibus
310 1091 452 1128 unus
492 1074 733 1127 Romam
759 1074 828 1127 ad
859 1074 1190 1129 Pontificem
1226 1076 1354 1129 Ma-

133 1171 342 1225 ximum
407 1169 614 1224 veniret
633 1180 681 1215 49
740 1169 860 1242 (qui
934 1185 1120 1225 tamen
1179 1189 1356 1225 novae

137 1265 464 1320 Provinciae
509 1265 983 1321 administratione
1028 1267 1080 1320 in
1121 1267 1355 1321 Polonia

133 1361 425 1417 subsistere
479 1376 701 1417 coactus
738 1364 859 1432 est),
907 1363 972 1417 P.
1022 1363 1355 1418 possevinus

133 1458 276 1513 ultro
296 1458 541 1530 citroque
556 1473 818 1529 cursaret,
847 1460 1022 1514 donec
1051 1478 1243 1532 pacem
1272 1460 1353 1514 in-

131 1568 211 1608 ter
233 1554 412 1627 Reges
438 1554 823 1609 constituisset.
856 1556 1012 1609 Alter
1037 1557 1290 1610 sacerdos
1312 1554 1355 1589 50

131 1668 260 1704 cum
305 1650 471 1705 fratre
527 1651 792 1723 tantisper
848 1652 997 1724 apud
1049 1652 1258 1706 Ducem
1300 1652 1352 1707 in

130 1747 414 1802 Moscovia
458 1761 668 1816 essent,
716 1748 853 1801 dum
901 1748 975 1802 Ρ.
1019 1749 1352 1805 Possevinus

128 1842 374 1897 confecta
394 1861 525 1915 pace
544 1857 920 1898 reverteretur.
940 1844 1107 1915 Quod
1133 1845 1351 1899 tametsi

134 1935 258 1988 Dux
303 1936 495 1993 callide
541 1937 687 2006 fecit,
722 1952 782 1992 ut
822 1957 915 1992 eos
961 1940 1106 1993 velut
1135 1941 1350 1995 obsides

127 2030 352 2085 haberet
403 2032 528 2086 fidei
575 2033 640 2087 P.
682 2034 1003 2103 Possevini‚
1049 2050 1235 2090 tamen
1294 2036 1349 2089 id

129 2144 240 2180 non
275 2126 624 2182 incommode
653 2130 866 2199 cecidit,
888 2146 1177 2203 propterea
1201 2132 1349 2202 quod

126 2239 178 2277 et
223 2243 408 2279 rerum
455 2242 665 2282 statum
713 2230 1069 2301 explorarunt
1123 2228 1350 2299 diligen·-

126 2317 253 2386 tiuS‚
295 2319 585 2393 Moscique
645 2338 1007 2377 assueverunt
1057 2322 1350 2377 Catholicis

129 2413 448 2469 hominibus
474 2415 753 2487 videndiS‚
782 2419 844 2473 iis
881 2419 1227 2491 praesertim,
1254 2417 1345 2489 qui
