1738 2867
158 421 324 476 quae,
350 403 422 457 ab
461 416 706 458 extrema
746 403 1057 471 Moscovia,
1105 406 1175 459 ad
1212 406 1378 461 fultu-

156 517 279 554 ram
335 499 569 553 vestium
626 498 954 571 Principum
997 499 1238 554 virorum
1276 501 1379 556 im-

158 613 350 649 menso
391 594 566 667 pretio
592 609 955 667 exportantur
980 596 1049 649 ad
1078 614 1198 650 nos.
1229 597 1380 651 Vites

158 690 210 744 in
230 689 517 744 Moscovia
541 708 649 744 non
678 704 959 759 seruntur,
985 709 1164 762 neque
1188 693 1379 748 vinum

160 784 327 854 (quod
381 785 453 839 illi
514 785 855 840 Romaniam
914 801 1136 854 vocant7
1190 806 1378 843 rarum

157 879 407 948 inventu,
443 880 682 954 forisque
720 881 984 954 defertur>
1029 882 1158 936 alibi
1208 902 1378 955 quam

157 974 304 1046 apud
353 994 526 1032 unum
583 980 791 1052 Regem
838 980 1128 1051 reperitur,
1183 999 1213 1034 a
1264 999 1376 1052 quo

154 1086 252 1140 per
282 1070 584 1147 Episcopos
606 1074 660 1129 in
684 1074 1002 1130 universam
1026 1075 1377 1130 Moscoviam

155 1167 224 1221 ad
251 1167 579 1224 sacrificium
607 1170 806 1225 missae
848 1171 1225 1244 peragendum
1260 1172 1376 1226 dis-

153 1265 428 1321 tribuitur.
487 1266 663 1320 Potus
702 1264 807 1319 illis
839 1265 1070 1320 cervisia
1114 1284 1176 1320 ex
1224 1266 1376 1339 fruge

153 1375 458 1432 macerata,
511 1376 606 1416 aut
671 1361 834 1415 medo
894 1361 957 1419 (is
1007 1361 1266 1417 miscetur
1311 1382 1377 1417 ex

151 1475 297 1529 aqua
318 1472 369 1512 et
391 1456 566 1527 melle)
590 1475 655 1511 ex
677 1456 759 1511 his
784 1456 982 1511 deinde
1003 1475 1213 1529 aquam
1238 1458 1377 1514 vitae

150 1553 262 1607 sive
318 1553 602 1612 ardentem
631 1563 677 1598 70
707 1595 722 1622 ,
772 1567 831 1606 ut
881 1568 1103 1623 vocant,
1156 1554 1378 1609 eliciunt

152 1647 202 1702 vi
230 1647 394 1721 ignis⁷
420 1666 656 1721 eamque
681 1647 734 1701 in
787 1647 1050 1702 conviviis
1074 1650 1240 1722 vulgo
1284 1669 1373 1704 so-

153 1744 263 1799 lent
297 1762 648 1817 praesumere
674 1744 743 1798 ad
774 1744 1100 1799 avertendas
1138 1745 1374 1800 inflatio-

153 1859 270 1908 nes,
317 1858 455 1912 quas
484 1840 609 1907 cibi,
640 1840 1002 1912 potionesque
1030 1840 1267 1913 regionis
1301 1841 1375 1895 fa-

153 1937 306 1991 ciunt
331 1979 344 2005 7
399 1936 635 1992 ebrietas
696 1936 748 1990 in
808 1935 968 2008 plebe
1038 1936 1375 1990 severissime

152 2033 484 2100 vindicatur,
529 2032 752 2105 legeque
788 2032 1140 2087 interdictum
1174 2045 1274 2100 est,
1311 2049 1375 2084 ea

154 2129 315 2183 vendi
357 2128 574 2202 publice
620 2128 673 2182 in
714 2127 982 2197 tabernis7
1011 2146 1152 2199 quae
1192 2126 1379 2198 aliquo

154 2225 322 2279 modo
347 2223 559 2297 possint
583 2222 904 2278 ebrietatem
930 2222 1206 2276 inducere.
1241 2221 1375 2276 Cul-

151 2334 240 2374 tus
281 2338 442 2392 asper
481 2334 532 2374 et
571 2318 856 2373 munditiis
890 2337 1098 2373 carenS.
1145 2318 1375 2372 Mensae

151 2415 452 2470 accubituri
482 2431 684 2468 manus
712 2431 822 2467 non
859 2413 1065 2482 lavant,
1094 2431 1269 2486 neque
1302 2412 1373 2466 ad
