1738 2867
891 271 953 278 -
996 211 1182 291 362

414 432 653 486 schisma
696 428 987 502 pertinent,
1027 428 1245 482 fidelem
1277 447 1504 500 operam
1537 447 1637 484 na-

415 541 588 595 varat,
633 525 704 579 ab
755 524 962 579 haeresi
1001 524 1251 577 luterana
1291 525 1361 578 ad
1397 523 1637 579 Catholi-

414 639 536 676 cam
561 621 728 674 fidem
754 638 1051 674 conversus
1073 634 1170 674 est.
1206 620 1329 692 Ipse
1354 636 1636 692 praeierea

415 716 729 771 Polocensis
781 716 1089 788 Episcopus
1130 715 1513 770 schismaticus
1559 714 1633 784 67,

414 831 542 867 cum
568 829 762 884 pacem
799 811 957 865 nobis
994 812 1334 884 gratulatum
1376 811 1633 879 venisset,

413 907 686 981 pollicitus
714 921 792 961 est
816 925 932 960 sese
954 924 1080 960 cum
1117 906 1358 975 NostriS,
1383 907 1476 978 qui
1503 907 1633 961 inibi

415 1018 562 1071 sunt,
598 1000 897 1056 amicitiam
929 1018 1385 1056 conservaturum
1412 1017 1465 1056 et
1495 1021 1637 1074 quae

414 1099 479 1153 de
520 1098 811 1152 schismate
851 1097 1053 1169 scripta
1102 1112 1304 1168 essent,
1350 1099 1638 1171 diligenter

416 1214 470 1249 se
494 1195 779 1249 lecturum.
819 1193 1037 1247 Polotia
1065 1193 1298 1248 Disnam
1325 1213 1515 1249 versus
1539 1195 1637 1249 iter

418 1290 799 1358 intenderunt,
827 1306 891 1344 ea
926 1288 979 1343 in
1009 1307 1131 1343 arce
1170 1290 1421 1344 catholici
1457 1290 1639 1344 visun-

415 1402 501 1440 tur
534 1385 763 1457 aliquot,
791 1403 822 1439 a
855 1384 1055 1456 quibus
1087 1400 1312 1458 rogatus
1341 1386 1406 1440 Ρ.
1444 1385 1638 1440 Ρο556-

417 1481 573 1535 vinus
599 1494 700 1551 est,
735 1493 793 1534 ut
819 1498 1040 1535 sacrum
1066 1481 1214 1553 apud
1245 1481 1392 1554 ipsos
1416 1481 1635 1551 faceret,

413 1591 702 1649 propterea
736 1578 884 1649 quod
928 1577 1261 1632 catholicum
1293 1579 1637 1633 sacerdotem

414 1672 679 1728 haberent
703 1674 939 1728 nullum.
960 1673 1190 1729 Nobiles
1208 1674 1336 1729 item
1363 1675 1635 1744 du0,cum

415 1786 447 1821 a
499 1768 759 1822 Rutheno
799 1768 1080 1824 sacerdote
1111 1769 1467 1825 matrimonio
1512 1788 1636 1825 con-

415 1864 578 1935 juncti
633 1878 832 1934 essent,
877 1878 934 1919 ut
976 1865 1244 1920 catholico
1284 1866 1390 1921 ritu
1437 1866 1636 1920 iterum

416 1959 897 2032 conjungerentur,
964 1960 1184 2032 petiere.
1255 1962 1337 2016 Ex
1389 1980 1453 2016 eo
1516 1962 1636 2019 loco

420 2055 843 2127 Duneburgum,
877 2055 1004 2110 inde
1041 2057 1380 2127 Illuxenum,
1408 2056 1638 2112 Curlan-

416 2149 536 2205 diae
588 2150 878 2223 oppidum,
923 2151 1043 2224 ipso
1092 2152 1309 2207 sabbati
1346 2153 1518 2208 sancti
1551 2152 1637 2207 die

415 2260 803 2318 pervenerunt.
843 2246 993 2302 Urbs
1036 2261 1153 2302 tota
1197 2247 1405 2302 haeresi
1440 2247 1639 2302 infecta

414 2356 515 2411 est,
541 2341 950 2414 hospitiumque
989 2344 1056 2397 P.
1106 2343 1411 2399 Possevino
1450 2342 1504 2397 in
1536 2361 1635 2415 pa-

414 2437 564 2491 rochi
642 2440 893 2511 luterani,
956 2456 1146 2514 utpote
1209 2440 1635 2515 opulentissimi,
