1738 2867
149 422 323 494 piant,
361 419 706 474 continenter
733 436 795 472 ac
831 419 1011 474 sobrie
1056 421 1234 477 vivere
1279 426 1368 478 de-

147 518 294 586 bere,
359 516 607 587 illudque
678 529 898 586 tempus
962 516 1015 570 in
1077 517 1139 570 iis
1189 520 1369 590 potius

145 614 328 681 rebuS,
358 629 501 684 quae
542 611 612 664 ad
671 610 999 682 legationem
1040 629 1367 686 spectarent,

151 727 323 781 quam
356 709 410 762 in
439 706 648 779 poculis
673 706 995 778 ponendum
1027 726 1141 762 esse
1174 729 1184 762 :
1222 713 1370 783 quod

152 824 477 880 responsum
531 807 709 860 Mosci
757 808 1057 879 plurimum
1112 827 1367 880 suspexe-

153 918 279 957 runt
304 918 354 958 et
378 903 708 976 probarunt.
748 905 978 959 Postero
1013 905 1098 960 die
1131 906 1370 960 Pristavi

150 1019 277 1055 cum
331 1000 510 1055 scriba
568 1001 951 1069 advenerunt,
1004 1016 1063 1056 ut
1137 1021 1370 1057 munera

151 1098 352 1168 (neque
379 1095 526 1149 enim
553 1096 734 1169 legato
763 1096 1023 1168 cuiquam
1072 1097 1153 1150 fas
1200 1112 1280 1152 est
1317 1097 1371 1151 in

154 1192 325 1264 ipsius
353 1190 625 1263 Principis
650 1206 1005 1263 conspectum
1032 1192 1146 1246 sine
1180 1210 1373 1246 mune-

151 1288 305 1343 ribus
331 1286 533 1358 venire)
562 1304 702 1358 quae
730 1300 848 1341 tum
877 1287 946 1341 ad
976 1287 1159 1359 ipsum
1214 1288 1367 1342 Prin-

157 1384 355 1457 cipem,
383 1396 504 1437 tum
547 1382 617 1437 ad
665 1397 873 1437 ceteros
930 1382 1268 1452 ferebantur,
1319 1384 1372 1437 in

154 1479 373 1534 tabulas
402 1477 686 1547 referrent,
726 1478 1013 1551 adscriptis
1059 1478 1376 1533 nominibus

160 1593 373 1644 eorum,
413 1575 507 1646 qui
542 1575 838 1645 mitterent,
873 1576 1291 1647 edixeruntque,
1319 1590 1376 1629 ut

161 1673 216 1726 in
243 1671 389 1725 diem
414 1684 732 1742 sequentem
772 1671 961 1725 Nostri
999 1690 1053 1725 se
1086 1688 1375 1742 compara-

161 1781 302 1836 rent,
325 1767 574 1821 futurum
603 1766 749 1820 enim
778 1780 837 1820 ut
870 1785 1091 1821 serenos
1116 1766 1206 1837 (sic
1229 1767 1376 1821 enim

163 1864 341 1918 Mosei
356 1864 673 1935 loquuntur]
693 1863 882 1937 Magni
902 1864 1175 1936 Principis
1190 1863 1378 1917 oculos

162 1976 464 2014 cernerent.
502 1960 775 2032 Cupiebat
807 1960 1034 2032 quidem
1068 1961 1133 2015 P.
1182 1961 1378 2014 Posse-

166 2057 346 2125 vinus,
418 2070 476 2110 ut
538 2074 709 2128 quam
770 2056 1002 2110 minima
1071 2075 1275 2128 pompa
1308 2056 1379 2109 ad

166 2151 481 2223 Principem
543 2151 925 2221 deduceretur,
987 2152 1152 2224 idque
1193 2154 1383 2207 sedulo

164 2248 329 2301 etiam
380 2263 688 2317 curaverat,
731 2249 824 2301 sed
877 2250 1107 2302 omnino
1151 2266 1382 2302 consue-

166 2343 339 2397 tudini
367 2345 672 2415 parendum
701 2343 822 2413 fuit,
852 2362 918 2398 ne
959 2343 1229 2416 Principis
1269 2342 1381 2396 ani-

169 2457 292 2492 mus
315 2439 703 2510 offenderetur²
730 2441 824 2512 qui
866 2457 993 2493 eum
1032 2441 1299 2495 honorem
1326 2439 1377 2493 in
