1738 2867
415 441 775 514 compellam,
815 441 871 495 in
919 458 1131 507 mensa,
1188 456 1330 509 quae
1387 438 1457 492 ab
1519 439 1638 511 ipso

415 518 661 610 proxime
688 536 897 605 aberat,
932 534 1238 588 collocavit.
1281 535 1417 589 Inde
1447 536 1636 603 Ducis,

416 633 616 704 filiique
656 632 912 686 manibus
954 650 1098 703 aqua
1142 632 1270 686 data
1313 647 1419 702 es13
1465 652 1640 704 neque

415 729 549 782 alias
574 728 625 781 in
653 727 877 799 privatis
914 726 1177 780 conviviis
1215 727 1390 781 Mosci
1419 727 1640 781 accubi-

415 823 522 880 turi
545 840 744 877 manus
773 823 978 876 lavant.
1009 823 1185 875 Porro
1217 823 1341 876 Dux
1369 822 1421 876 in
1450 823 1639 878 convi-

415 918 503 972 vio
542 917 713 971 seduli
754 915 922 988 patris
962 915 1201 970 familias
1236 918 1412 972 vicem
1461 931 1641 974 tenere

415 1013 562 1067 visus
591 1026 690 1081 est⁷
724 1011 895 1065 oculis
931 1011 1372 1085 circumspicere,
1399 1032 1467 1068 ne
1507 1016 1641 1087 quid

415 1107 654 1180 cuipiam
679 1106 838 1176 desit,
874 1124 1035 1179 saepe
1073 1106 1313 1175 Nostris,
1354 1125 1515 1180 saepe
1553 1126 1640 1162 ce-

415 1204 563 1272 teris,
613 1203 696 1257 vel
741 1201 1148 1272 remotissimiS‚
1196 1202 1262 1255 de
1307 1220 1406 1256 sua
1449 1222 1639 1257 mensa

413 1299 643 1353 mittere.
689 1298 815 1351 Mos
853 1312 933 1351 est
970 1313 1156 1352 autem
1206 1297 1535 1351 Moscorum
1585 1298 1638 1352 in

413 1394 695 1462 conviviis,
748 1408 806 1447 ut
843 1412 968 1447 curn
1016 1393 1174 1448 alicui
1237 1393 1362 1448 Dux
1408 1394 1573 1448 mittit
1613 1414 1640 1449 e

415 1508 627 1558 mensa,
652 1491 721 1544 ab
747 1489 1008 1543 omnibus
1034 1489 1087 1543 in
1115 1488 1365 1543 convivio
1385 1508 1638 1562 assurga-

413 1598 529 1653 tur3
577 1600 720 1653 turn⁷
767 1584 861 1654 qui
907 1584 1084 1651 affert,
1130 1584 1395 1655 Magan
1436 1583 1637 1655 inquit,

418 1679 690 1733 Dominus
736 1696 896 1732 suam
938 1678 1036 1732 tibi
1077 1678 1180 1731 hoc
1210 1695 1439 1731 munere
1474 1677 1638 1732 bene-

415 1774 711 1828 volentiam
758 1774 1031 1838 declarat;
1098 1773 1393 1844 respondet
1439 1773 1573 1827 alter
1623 1794 1633 1828 :

416 1871 575 1926 Ferio
609 1871 840 1924 humum
883 1869 1081 1923 fronte.
1118 1866 1175 1922 Si
1213 1866 1297 1921 cui
1337 1885 1466 1921 vero
1506 1886 1637 1940 pro-

409 1966 680 2039 pinaverit
708 1966 853 2034 Dux,
880 1983 991 2036 quo
1017 1963 1060 2017 is
1096 1982 1334 2036 cumque
1369 1965 1489 2018 loco
1520 1965 1637 2020 fue-

410 2065 496 2133 rit,
527 2065 579 2119 in
596 2063 841 2118 medium
865 2061 1158 2116 triclinium
1185 2062 1453 2134 procedit,
1482 2064 1632 2118 salu-

408 2176 634 2232 tatoque
684 2160 835 2213 Duce
874 2177 972 2231 pro
1012 2176 1113 2211 suo
1161 2157 1428 2213 arbitratu
1472 2157 1631 2227 bibit,

410 2256 605 2310 deinde
630 2255 914 2327 poculum7
941 2254 1022 2308 cui
1050 2254 1228 2308 visum
1262 2252 1427 2306 fuerit
1453 2272 1480 2306 e
1507 2271 1633 2306 con-

410 2353 567 2421 vivis,
601 2352 784 2406 tradit.
837 2350 986 2404 Huic
1022 2364 1207 2405 tamen
1249 2350 1631 2405 consuetudini

412 2447 602 2504 Nostri
632 2466 741 2502 non
781 2461 1100 2519 paruerunt.
1142 2447 1210 2501 Et
1247 2464 1379 2501 sane
1415 2446 1632 2501 duabus
