1738 2867
84 429 307 484 Dunam
358 430 587 486 fluvium
645 431 771 500 sita7
839 432 1110 504 oppidum
1173 453 1303 488 con-

80 524 328 590 junctum
371 525 554 595 habet,
593 526 647 580 in
681 545 791 599 quo
840 528 1106 598 Rutlieni‚
1143 530 1305 584 Lute-

80 620 220 688 rani‚
249 620 558 676 Calviniani
585 636 634 676 et
657 622 923 678 Catholici
948 644 1048 678 suo
1073 626 1304 697 quisque

80 715 184 769 ritu
228 734 383 770 sacra
421 732 711 790 peragunt.
759 719 841 773 Ibi
887 720 953 774 P.
1002 721 1305 776 possevino

80 813 371 868 nunciatur
400 814 718 869 Parochum
746 816 1182 888 octogenarium,
1210 818 1305 888 qui

82 927 226 962 unus
273 909 324 963 in
384 928 447 963 ea
500 910 761 964 barbaria
816 911 1072 965 sacerdos
1142 928 1304 978 esset„

78 1005 243 1059 morti
284 1005 602 1078 proximum
647 1025 864 1078 rogare,
905 1023 964 1062 ut
1010 1008 1080 1061 ad
1123 1007 1305 1080 ipsum

77 1101 436 1156 confessionis
478 1120 675 1156 caussa
725 1100 923 1172 aliquis
976 1100 1300 1156 mitteretur.

77 1198 283 1252 Missus
327 1214 408 1252 est
460 1217 604 1252 unus
659 1218 686 1252 e
737 1195 956 1253 Nostris
1010 1194 1303 1265 Sacerdos⁷

75 1294 171 1366 qui
200 1313 352 1364 eum,
379 1294 477 1349 rite
503 1295 808 1367 expiatum,
835 1295 1040 1351 Christi
1075 1314 1304 1368 corpore

76 1404 294 1462 postero
341 1390 428 1445 die
478 1391 678 1446 refecit.
742 1392 957 1447 Interea
1013 1391 1302 1446 Paschatis

77 1486 356 1542 instabant
383 1487 651 1541 solemnia
682 1508 693 1542 :
722 1506 893 1560 quare
929 1506 998 1543 ne
1035 1486 1303 1544 Catholici

77 1600 173 1653 per
220 1600 312 1635 eos
363 1583 479 1637 dies
527 1583 808 1638 sacerdote
855 1582 1300 1652 destituerentur,

78 1679 340 1748 Palatini,
406 1679 499 1752 qui
559 1680 857 1735 catholicus
918 1695 1020 1750 est,
1082 1695 1300 1753 rogatu,

75 1777 221 1834 idem
260 1778 516 1832 sacerdos
558 1795 683 1832 curn
714 1778 899 1847 fratre,
926 1795 1050 1832 curn
1086 1777 1302 1831 Mosco-

75 1893 198 1928 rum
223 1874 678 1946 Nostrorumque·
695 1872 1124 1947 impedimentiS‚
1151 1872 1300 1944 apud

74 1989 166 2025 eos
185 1970 451 2042 tantisper
475 1970 665 2039 relicti,
694 1970 831 2024 dum
851 1971 985 2024 alter
1014 1969 1301 2024 Parochus

72 2086 103 2121 a
140 2066 436 2123 Canonicis
481 2065 838 2122 Vilnensibus
883 2065 1294 2137 subrogaretur.

75 2163 351 2218 Polotiarn
393 2164 519 2218 inde
559 2177 889 2236 perventum
927 2175 1027 2231 est,
1069 2162 1298 2233 ipsoque

75 2258 400 2314 Palmarum
466 2259 552 2314 die
604 2257 836 2330 juvenis,
889 2256 983 2328 qui
1033 2256 1300 2310 Poloniae

75 2355 211 2428 Regi
245 2373 276 2409 a
315 2373 486 2410 manu
513 2369 614 2425 est,
657 2353 860 2427 quique
895 2351 1118 2407 Nostris
1151 2351 1204 2404 in
1235 2351 1298 2404 iis

71 2447 479 2520 describendiS,
564 2467 707 2521 quae
786 2449 855 2502 ad
939 2446 1294 2501 refutandum

1098 2576 1121 2605 4
