1738 2867
859 279 922 287 -
962 219 1023 299 5ὲ
1048 218 1127 283 *T-
1167 217 1193 219 *-

387 442 535 496 bidui
569 440 758 495 itinere
784 438 1007 494 obviam
1035 438 1101 491 P.
1140 436 1439 491 Possevino
1476 457 1603 492 suos

387 555 597 604 curruS,
633 534 942 607 Rigamque
967 532 1433 605 appropinquanti
1466 533 1605 603 ejus—

387 631 511 685 dem
566 631 713 700 jussu
766 629 1020 682 nobilitas
1075 627 1331 681 universa
1380 627 1603 681 obviam

386 725 662 798 processit,
702 739 782 793 ut,
825 742 946 778 cum
997 722 1173 776 Mosci
1215 724 1447 794 legatuS,
1483 736 1602 776 tum

386 839 513 875 vero
540 821 642 892 ipsi
670 820 935 892 Rigenses
961 817 1190 872 luterani
1223 817 1601 889 intelligerent,

385 916 574 988 quanti
601 916 671 970 ab
706 916 824 988 ipso
850 915 1037 968 fierent
1063 913 1347 967 Pontificis
1371 913 1601 967 Maximi

388 1012 597 1083 Legati.
644 1012 823 1064 Multa
868 1010 932 1062 P.
974 1008 1310 1063 possevinus
1338 1008 1443 1081 egit
1475 1026 1601 1062 cum

385 1108 531 1178 Rege
576 1106 641 1160 de
690 1124 824 1178 pace
871 1123 998 1159 curn
1048 1105 1255 1158 Moscis
1305 1103 1599 1171 servanda,

383 1201 718 1273 captivisque
780 1200 1181 1274 permutandiS,
1242 1199 1308 1253 de
1369 1198 1600 1252 Livonia

384 1297 624 1367 juvanda
671 1311 722 1350 et
778 1297 1034 1369 episcopo
1079 1294 1488 1362 constituendO,
1534 1294 1601 1348 de

383 1392 619 1446 amicitia
646 1411 771 1446 cum
798 1394 948 1466 Rege
967 1392 1180 1448 Svetiae
1207 1391 1253 1426 58
1271 1389 1498 1459 tuenda,
1529 1389 1601 1443 ad

382 1507 543 1560 quem
583 1487 749 1541 etiam
782 1488 1025 1560 legatum
1064 1488 1203 1542 mitti
1239 1488 1462 1560 placuit,
1504 1490 1600 1544 de-

382 1585 733 1657 signatosque
781 1598 860 1637 est
918 1583 1349 1656 Christophorus
1401 1586 1601 1640 Varse-

380 1678 569 1748 viciuS,
615 1697 646 1732 a
689 1680 845 1748 cujus
888 1678 1152 1751 singulari
1194 1679 1416 1752 pietate,
1462 1700 1598 1754 pru-

381 1775 672 1846 dentiaque
739 1775 927 1830 omnia
992 1775 1166 1830 felicia
1218 1793 1594 1849 expectamus,

384 1869 488 1922 His
528 1869 689 1923 rebus
715 1871 946 1942 peractis
980 1871 1206 1926 Vilnam
1238 1873 1303 1925 P.
1348 1873 1599 1927 Possevi-

381 1982 483 2018 nus
527 1965 790 2032 discessit,
820 1980 879 2019 ut
923 1966 1013 2020 ibi'
1050 1967 1326 2022 pontificis
1363 1967 1599 2023 Maximi

380 2060 697 2114 auctoritate
765 2060 1173 2129 Rutltenorum,
1251 2061 1597 2116 Moscorum-

378 2174 483 2226 que
549 2154 918 2210 Seminarium
975 2154 1298 2224 institueret,
1363 2157 1455 2228 qui
1525 2157 1595 2212 ad

379 2269 470 2303 eos
518 2251 744 2304 alendos·
792 2268 897 2305 MCC
959 2264 1299 2305 scutatorum
1347 2269 1593 2306 annuum

379 2346 603 2418 vectigal
640 2346 900 2400 attribuit.
944 2347 1077 2400 Inde
1121 2347 1367 2401 Romam
1405 2349 1595 2403 Idibus

379 2438 713 2512 Septembris
746 2442 883 2496 1582
911 2460 1037 2497 cum
1070 2443 1246 2497 Mosei
1274 2444 1451 2514 legato
1476 2461 1593 2514 per-
