1738 2867
408 422 592 493 nique,
641 421 695 474 in
732 421 815 474 his
854 421 1051 475 nobilis
1084 422 1269 476 Turca
1295 422 1622 492 AconiatuS,

408 535 575 589 quem
624 515 823 571 Graeci
874 517 1065 571 Kelebi
1109 533 1309 573 vocant
1349 517 1418 587 65,
1452 518 1623 590 pluri-

407 631 563 666 mum
636 630 751 666 sese
812 611 1065 666 Pontifici
1120 613 1369 667 Maximo
1429 612 1624 666 debere

406 708 829 779 profitebantur,
900 709 1048 781 quod
1120 709 1236 779 ejus
1306 709 1625 764 auctoritate

409 802 550 856 bello
590 802 813 857 tandem
848 803 971 857 finis
1003 803 1293 875 impositus
1337 818 1498 871 esset,
1540 822 1624 858 re-

407 896 659 967 ditusque
725 896 779 949 in
850 897 1085 969 patriam
1147 898 1429 969 patuisset.
1500 898 1626 952 Hoc

407 991 553 1045 enim
575 991 817 1061 biennio⁷
843 1010 956 1063 quo
982 992 1191 1046 bellum
1217 992 1356 1046 inter
1379 993 1625 1061 MOSCOS‚

409 1087 761 1159 Polonosque
830 1088 1051 1156 exarsit,
1116 1089 1400 1160 praecluso
1458 1089 1627 1143 armis

406 1181 558 1235 omni
615 1181 782 1251 exitu,
831 1183 1030 1255 captivi
1077 1183 1185 1237 fere
1240 1184 1292 1238 in
1343 1184 1627 1238 Moscovia

406 1277 605 1331 detenti
684 1292 830 1332 sunt.
906 1277 1012 1331 His
1088 1278 1252 1332 rebus
1327 1276 1626 1343 confectiS,

409 1372 474 1426 P.
508 1373 843 1427 Possevinus
875 1373 1048 1446 pridie
1091 1374 1224 1428 Idus
1248 1372 1435 1426 Martii
1474 1372 1631 1426 Mos-

408 1468 559 1523 covia
611 1468 875 1539 discessit,
924 1489 1019 1525 ccc
1075 1471 1353 1526 nobilibus
1401 1471 1628 1526 honoris

408 1581 602 1617 caussa
628 1565 696 1619 ad
725 1584 779 1619 iv
806 1565 975 1620 millia
1001 1585 1268 1638 passuum
1296 1584 1629 1639 prosequen-

407 1658 585 1726 tibust,
641 1660 936 1730 quattiduo
986 1679 1255 1733 passuum
1310 1661 1480 1716 millia
1537 1680 1626 1730 cn,

409 1774 697 1828 nunquam
724 1774 885 1809 cursu
912 1755 1243 1826 intermiSSO‚
1274 1770 1491 1811 noctem
1523 1755 1629 1810 diei

409 1850 746 1923 conjungens
771 1849 1145 1906 Smolentium
1174 1869 1348 1924 usque
1376 1849 1625 1905 confecit.

413 1945 476 1998 In
510 1964 574 2000 ea
600 1946 832 2016 civitate,
862 1947 995 2008 dum
1022 1948 1252 2020 legatuS‚
1280 1962 1448 2017 quem
1473 1944 1629 1998 Mos-

409 2059 504 2094 cus
547 2042 616 2095 ad
658 2042 987 2098 Pontificem
1029 2042 1342 2096 Maximum
1387 2039 1628 2095 destina-

408 2150 492 2190 rat
535 2135 582 2170 ⁶5
640 2140 1016 2210 consequitur,
1060 2159 1151 2195 sex
1203 2139 1318 2194 dies
1363 2137 1625 2193 subsedit.

411 2230 715 2287 Smolemio
770 2254 832 2289 ct„
889 2236 1185 2308 equitibus,
1247 2232 1629 2306 peditibusque

410 2328 663 2398 praesidii
719 2348 912 2384 caussa
949 2330 1213 2398 comitati,
1256 2328 1460 2384 Ossam
1505 2327 1630 2381 inde

414 2422 721 2496 Vitepsium
767 2442 1122 2498 perrexerunt
1173 2448 1183 2480 :
1237 2443 1377 2498 quae
1420 2441 1513 2477 arx
1559 2422 1630 2476 ad
