1738 2867
656 239 716 246 -
756 228 783 272 7
796 214 817 259 5
861 239 978 249 -

165 418 283 454 non
315 399 511 454 iisdem
538 399 647 453 fere
683 398 886 470 quibus
924 418 1024 454 nos
1056 402 1274 471 diebu5‚
1315 423 1396 457 sa-

167 495 271 550 cris
331 509 515 549 tamen
562 494 947 548 anniversariis
987 497 1191 552 colunt.
1240 500 1393 553 Nam

171 591 378 645 festum
448 590 828 644 sanctissimae
895 592 1184 646 Trinitatis
1256 595 1388 647 feria

173 686 529 740 Pentecostes
559 687 804 740 ‘secunda
843 687 1138 754 celebrant,
1170 707 1281 759 quo
1308 690 1392 743 die

171 782 378 853 templa
420 781 612 849 ramiS‚
655 781 1056 853 frondibusque
1103 799 1391 853 exornant,

171 876 538 948 sacerdosque
576 895 668 930 sex
703 892 752 930 et
780 877 999 949 triginta
1042 878 1389 951 longissimas

170 972 512 1044 precationes
540 972 706 1041 canit,
743 974 950 1045 populo
985 970 1187 1028 interea
1219 990 1388 1030 strato

169 1085 232 1123 ac
258 1067 436 1122 fronte
463 1068 697 1122 humum
735 1085 1000 1124 verrente.
1044 1070 1199 1124 Diem
1233 1089 1392 1124 sanc-

170 1178 354 1218 torum
388 1164 640 1218 omnium
669 1164 721 1217 in
751 1166 992 1219 mediam
1015 1166 1391 1238 Quadragcsi·

168 1276 321 1313 mam
359 1259 676 1329 conjiciunt,
731 1261 999 1314 Kalendis
1041 1276 1228 1315 autem
1272 1262 1392 1315 No-

167 1355 410 1410 vembris
445 1355 777 1411 Sanctorum
823 1358 1013 1413 Cosmi
1056 1374 1106 1412 et
1137 1359 1391 1412 Damiani

169 1455 412 1508 natalem
460 1469 653 1528 agunt,
703 1475 754 1509 vt
804 1456 936 1509 Idus
985 1458 1051 1509 D.
1106 1456 1391 1510 Michaelis

167 1550 501 1623 Archangeli
530 1552 795 1605 memoria
824 1552 1040 1606 colitur.
1071 1553 1229 1625 Ipsae
1259 1554 1392 1607 Idus

167 1645 226 1702 S.
265 1647 525 1720 Philippo
566 1667 754 1703 sacrae
800 1663 957 1716 sun13
997 1648 1112 1702 dies
1152 1668 1238 1703 xvi
1274 1650 1387 1702 Ka-

169 1743 460 1797 lendarum
483 1744 800 1799 Decembris
823 1743 880 1799 S.
910 1745 1194 1798 Matthaeo
1218 1749 1393 1817 Apos-

170 1841 283 1895 tolo
326 1840 497 1895 festus
537 1855 634 1895 est.
664 1841 857 1894 Mense
883 1841 1036 1911 Majo
1071 1841 1301 1894 biduum
1338 1840 1391 1893 in

166 1936 433 1991 Manibus
477 1952 826 1990 mortuorum
879 1951 1192 2008 parentant,
1240 1954 1392 1990 eam-

165 2051 273 2104 que
301 2032 673 2087 celebritatem
704 2032 1012 2085 Prandium
1044 2048 1242 2085 vocant
1271 2030 1391 2084 ani·

166 2145 406 2181 marum,
442 2127 505 2181 In
548 2127 851 2199 sepulchris
891 2126 1168 2195 candelas,
1217 2127 1390 2180 faces-

168 2240 273 2292 que
326 2221 532 2276 multas
580 2222 910 2289 accendunt,
960 2220 1084 2274 inde
1135 2220 1392 2274 sacerdos

164 2335 292 2371 cum
334 2331 452 2372 ture
496 2336 559 2371 ae
587 2317 900 2390 precatione
937 2316 1226 2388 sepulchra
1252 2316 1386 2384 obit,

160 2412 480 2483 molamque
506 2410 768 2484 inspergit
794 2411 876 2483 (ea
911 2429 973 2464 ex
1001 2411 1182 2478 melle,
1217 2429 1383 2481 aqua,

1219 2526 1251 2559 5.
