1738 2867
594 282 854 331 -49-

111 455 559 511 honorificentius
608 456 986 512 deduceretur.
1047 460 1158 515 Ubi
1215 462 1326 532 pri-

111 569 268 606 mum
300 553 512 607 Ducem
553 552 914 606 conveniendi
939 553 1170 609 facultas
1201 558 1327 610 data

111 661 213 716 est,
253 647 388 701 nihil
416 647 697 719 antiquius
726 647 891 701 Pater
917 648 1131 718 habuit,
1158 670 1323 722 quam

112 756 171 796 ut
222 759 310 811 ea,
355 760 497 814 quae
545 741 898 795 inchoaverat
951 757 1002 796 et
1056 743 1109 796 in
1160 745 1330 816 ipsius

112 835 351 890 reditum
378 836 645 908 producta
679 852 854 905 erant,
900 839 1126 893 tandem
1166 842 1328 912 perfi-

111 944 277 999 ceret,
337 931 404 985 de
452 932 630 1004 legato
671 932 739 986 ad
785 933 1110 988 Pontificem
1159 936 1331 989 Maxi-

114 1044 272 1081 mum
313 1027 601 1097 mittend0‚
643 1028 710 1082 de
751 1028 968 1083 foedere
1001 1029 1138 1085 inter
1170 1031 1332 1084 chris-

111 1121 294 1177 tianos
320 1122 590 1195 principes
616 1122 934 1193 sanciend0‚
962 1126 1028 1179 de
1055 1125 1332 1180 catholicis

112 1218 532 1287 mercatoribus,
567 1219 1052 1292 sacerdotibusque
1086 1221 1139 1274 in
1177 1222 1331 1275 Mos-

114 1317 329 1371 coviam
387 1317 729 1390 recipiendis,
782 1317 943 1388 Quae
1000 1319 1088 1373 ille
1145 1319 1333 1372 omnia

114 1412 317 1484 partim
380 1413 681 1485 praestitit,
744 1414 948 1485 partim
1012 1413 1201 1468 litteris
1263 1414 1333 1469 ad

119 1509 442 1563 Pontificem
505 1508 825 1564 Maximum
887 1506 970 1577 55,
1028 1507 1333 1579 Imperato-

115 1622 233 1658 rem
268 1603 335 1673 56,
368 1604 636 1658 Poloniae
674 1604 885 1677 Regem
914 1602 981 1671 57,
1014 1601 1337 1675 Rempubli-

117 1719 240 1756 cam
273 1701 546 1756 Venetam
585 1700 652 1769 58,
688 1699 1137 1770 Archiducesque
1169 1697 1337 1751 Caro-

117 1796 236 1850 lum
292 1794 336 1841 59
377 1812 428 1850 et
482 1797 782 1851 Ernestum
826 1792 873 1827 60
930 1793 1094 1861 datiS‚
1130 1792 1336 1865 prolixe

117 1892 392 1964 pollicitus
452 1907 555 1958 est,
612 1910 741 1947 cum
787 1910 1007 1946 summa
1054 1888 1337 1945 Societatis

120 2003 340 2043 nostrae
373 2006 435 2042 ea
463 1989 514 2042 in
544 2007 599 2043 re
626 1987 926 2043 industriae
949 2005 1012 2041 ac
1038 1984 1338 2040 sedulitatis

118 2082 515 2137 testificatione.
557 2084 637 2137 De
664 2083 926 2155 religione
949 2095 1133 2136 autem
1169 2079 1338 2151 (quod

120 2194 294 2231 unum
323 2177 562 2231 maxime
591 2196 655 2231 ex
696 2178 799 2231 hac
839 2176 1097 2231 missione
1127 2174 1341 2247 peteba-

121 2274 224 2341 tur)
280 2273 416 2327 nihil
458 2291 679 2328 summo
722 2274 787 2327 P.
832 2272 1117 2326 Possevini
1160 2269 1341 2324 studio

124 2370 436 2425 confectum
481 2386 580 2426 est.
617 2371 730 2425 Ter
769 2371 888 2442 ipso
939 2370 1112 2436 Duce,
1145 2368 1338 2439 Regni-

123 2484 229 2538 que
284 2467 569 2522 nobilitate
639 2467 895 2521 audiente
955 2465 1021 2518 de
1086 2464 1339 2534 religione
