1738 2867
845 170 1112 252 -55-

366 393 718 466 fulgentibu5‚
776 410 913 463 quas
980 391 1147 446 etiam
1211 391 1282 445 ad
1356 392 1582 447 inanem

369 488 682 542 divitiarum
733 487 1156 542 ostentationem
1225 486 1444 558 saepius
1499 487 1584 541 die

369 598 604 637 mutant.
627 583 820 654 Itaque
845 582 996 636 initio
1015 597 1331 635 nostrorum
1349 582 1586 636 Patrum

370 695 649 750 pannosas
696 691 870 731 vestes
925 676 1109 730 minus
1163 675 1353 747 aequis
1416 678 1590 731 oculis

369 776 727 848 aspiciebant,
781 793 984 846 eosque
1030 774 1323 846 urgebant,
1372 787 1430 828 ut
1472 772 1582 826 sal-

369 886 480 925 tem
515 871 567 924 in
606 870 878 942 Principis
911 882 1267 940 conspectum
1311 885 1375 921 ac
1420 885 1582 939 prae-

368 966 603 1020 sentiam
629 966 867 1034 venturi,
903 979 1077 1019 vestes
1106 977 1406 1031 mutarent,
1435 962 1584 1034 quod

369 1079 497 1115 eum
539 1063 799 1115 vestitum
843 1062 1247 1116 monachorum
1295 1081 1412 1116 esse
1447 1062 1589 1116 dice-

369 1170 507 1209 rent.
538 1155 759 1225 Quibus
787 1156 851 1210 Ρ.
885 1157 1219 1212 possevinus
1244 1158 1318 1211 ita
1356 1176 1585 1229 respon-

371 1250 469 1320 dit,
495 1266 553 1304 ut
586 1252 890 1305 monachos
922 1252 1144 1323 plurimi
1180 1272 1212 1307 a
1250 1273 1307 1307 se
1347 1254 1461 1307 fieri
1496 1271 1585 1307 os-

368 1347 646 1417 tenderet,
701 1365 764 1401 ex
809 1366 1002 1402 eorum
1045 1365 1231 1403 tamen
1283 1350 1476 1404 ordine
1531 1368 1587 1404 se

371 1457 593 1516 negaret
626 1462 770 1511 esse·⁷
800 1461 1014 1497 morem
1042 1460 1222 1498 autem
1260 1464 1376 1500 esse
1410 1445 1591 1499 latinis

370 1538 751 1592 sacerdotibus
784 1539 855 1592 ad
895 1539 1243 1594 vestiendum
1287 1559 1447 1610 auro,
1495 1559 1585 1595 ar-

371 1648 641 1706 gentoque
686 1652 796 1687 non
842 1634 941 1702 uti⁷
985 1635 1301 1690 Universum
1344 1655 1473 1691 vero
1515 1636 1585 1690 ad
1644 1698 1648 1702 ,

369 1729 707 1801 templorum
733 1744 993 1784 ornatum
1019 1730 1282 1784 conferre.
1316 1730 1445 1800 Quo
1472 1749 1587 1785 res·

370 1845 547 1899 ponso
589 1826 789 1896 Mosei⁷
818 1826 911 1898 qui
954 1826 1256 1896 instabant,
1292 1841 1351 1880 ut
1395 1826 1588 1881 Nostri

363 1936 543 1995 ‚vestes
575 1936 873 1990 mutarent,
904 1922 966 1976 iis
1000 1923 1240 1994 amplius
1274 1922 1585 1976 molestiam

371 2016 623 2071 exhibere
664 2017 1026 2071 destiterunt:
1066 2018 1272 2089 visique
1310 2016 1412 2089 ipsi
1437 2030 1588 2070 -sunt

371 2129 481 2165 non
531 2111 662 2164 nihil
711 2112 777 2164 de
824 2111 1020 2166 insano
1060 2112 1152 2165 illo
1199 2111 1380 2166 studio
1421 2110 1586 2165 remi-

371 2206 523 2274 sisse,
566 2224 695 2260 cum
742 2205 889 2260 enirn
938 2207 1094 2261 novis
1154 2225 1371 2280 semper
1424 2222 1587 2260 antea

371 2300 614 2354 vestibus
671 2299 847 2353 induti
906 2315 1259 2372 apparerent,
1319 2301 1430 2372 jam
1477 2318 1588 2354 non

370 2394 472 2448 nisi
497 2394 664 2449 domo
694 2395 885 2450 exituri
923 2412 1095 2452 vestes
1138 2412 1351 2451 mutare
1393 2414 1588 2468 coepe-
