1738 2867
577 264 843 327 —67-—.

100 466 244 506 runt.
278 451 341 505 In
374 453 552 525 Reges
579 453 783 507 mirum
805 453 1155 525 obsequium,
1177 456 1315 510 mira

101 561 180 601 est
223 548 595 617 observantia,
639 549 777 603 adeo
822 564 881 603 ut
925 569 1018 604 eos
1059 552 1315 623 opinione

100 641 346 712 quadam
385 642 686 696 divinitatis
743 644 917 698 colere
961 646 1249 701 videantur
1302 666 1312 700 :

99 735 247 807 ipsos
282 736 416 791 scire
444 737 654 805 omnia,
685 755 847 809 posse
871 754 922 793 et
962 740 1164 796 habere
1195 760 1315 796 om-

100 830 189 885 nia
238 831 340 886 sibi
379 835 750 905 persuadent,
807 837 1070 910 illamque
1126 857 1316 893 vocem

100 927 289 982 crebro
354 945 623 1003 usurpant
674 952 685 986 :
751 933 900 987 Deus
964 948 1015 988 et
1077 934 1318 1006 Magnus

101 1023 364 1097 Princeps
418 1041 624 1080 norunt
687 1029 896 1084 omnia.
960 1028 1109 1084 Cum
1157 1030 1319 1084 alicui

99 1119 236 1174 bene
267 1137 583 1193 precantur⁷
611 1138 705 1177 aut
738 1122 873 1194 quid
916 1122 1320 1177 asseverantius

100 1215 398 1287 affirmant,
443 1218 576 1273 illud
624 1219 830 1274 habent
871 1219 925 1273 in
954 1237 1047 1273 ore
1084 1239 1094 1273 :
1139 1219 1224 1273 Ita
1253 1219 1321 1273 sit

99 1312 222 1367 felix
246 1313 490 1387 Magnus
523 1330 708 1371 noster
737 1315 1022 1388 Princeps
1059 1313 1322 1370 Similiter

101 1427 228 1464 cum
256 1410 406 1482 apud
441 1411 563 1465 illos
597 1412 834 1486 regionis
875 1410 1106 1482 alicujus
1141 1428 1320 1464 mores

101 1520 152 1559 et
176 1504 422 1560 instituta
464 1507 782 1577 laudantur,
811 1519 906 1560 aut
941 1522 1151 1559 novum
1184 1503 1321 1575 quid

101 1601 408 1672 exhibetur⁷
432 1621 558 1658 cum
584 1604 831 1676 quodam
855 1600 1075 1656 fastidio
1101 1618 1322 1672 respon-

103 1697 252 1769 dent,
312 1699 587 1772 Magnum
639 1699 958 1772 Principem
1015 1715 1177 1751 nosse
1228 1696 1321 1750 illa

103 1794 314 1865 omnia,
350 1797 632 1868 multoque
657 1796 816 1868 plura
842 1795 926 1849 his
952 1794 1176 1849 habere.
1218 1793 1323 1847 Re-

101 1890 182 1962 gis
211 1908 407 1946 caussa
447 1892 665 1946 nullum
707 1891 1015 1965 periculum
1044 1903 1322 1957 recusant,

103 1985 326 2058 ejusque
357 1986 588 2060 imperio
626 1988 834 2042 alacres
864 2006 928 2042 eo
964 1985 1321 2060 proficiscun-

101 2098 191 2137 tur
216 2084 362 2138 unde
389 2103 679 2157 nunquam
712 2084 813 2140 sibi
854 2083 1198 2139 redeundum
1226 2100 1325 2154 pu-

102 2194 239 2235 tant.
287 2181 456 2235 Ducis
505 2200 620 2235 sese
667 2180 948 2252 mancipia
997 2178 1324 2251 profitentur

104 2274 363 2346 universi,
392 2291 443 2331 et
480 2276 753 2348 quidquid
780 2290 874 2330 aut
899 2275 974 2328 rei
1014 2272 1322 2341 familiariS,

107 2385 200 2424 aut
242 2371 539 2427 liberorum
585 2372 789 2427 habent
831 2370 1025 2443 Magni
1069 2369 1236 2424 Ducis
1271 2387 1325 2422 se

107 2467 369 2523 beneficio
407 2469 701 2541 possidere.
734 2468 961 2524 Nobiles
1002 2466 1095 2538 qui
1123 2483 1324 2519 vocan-
