1738 2867
312 428 496 482 litteris
532 427 841 498 scripserat,
875 428 976 481 nisi
1016 428 1357 483 conditiones
1396 429 1519 483 illae

311 523 694 593 reciperentur,
743 523 950 576 nullam
997 542 1053 577 se
1098 523 1264 577 aliam
1310 523 1379 577 ad
1427 542 1522 577 an-

312 636 445 672 num
475 620 542 671 50
570 618 895 689 legationem
920 618 1315 686 admissurum,
1352 619 1521 672 Polo-

310 732 412 766 nus
437 726 622 766 autem
650 731 715 765 ne
752 714 982 766 Livonia
1009 712 1233 783 quidem
1265 726 1379 767 tota
1410 713 1523 783 jam

309 821 620 860 contentum
666 825 721 860 se
782 807 896 860 fore
933 808 1206 876 edixerat3
1251 808 1304 861 id
1360 808 1521 880 igitur

310 920 478 955 unum
527 903 795 974 reliquum
846 922 962 957 esse
1003 904 1307 972 videbatur.,
1333 918 1391 958 ut
1437 922 1521 957 se·

307 997 538 1066 questris
563 1012 613 1051 et
639 998 793 1069 quasi
837 999 1023 1052 arbitri
1063 999 1292 1069 alicujus
1333 1012 1521 1053 aucto-

309 1091 460 1145 ritate
492 1111 594 1163 pax
621 1092 712 1146 illa
739 1094 1118 1162 conficeretur,
1147 1094 1330 1166 itaque
1368 1109 1521 1148 tran-

310 1185 441 1239 situs
466 1186 552 1239 ille
580 1186 633 1240 in
670 1187 1016 1242 Moscoviam
1041 1189 1334 1243 Lithuanis
1361 1203 1522 1244 antea

309 1281 552 1351 odiosuS‚
582 1282 866 1355 popularis
906 1283 1017 1351 jam
1048 1284 1223 1337 factus
1264 1298 1397 1338 erat.
1431 1284 1522 1338 Bis

312 1378 375 1430 P.
405 1378 734 1432 possevinus
753 1397 878 1433 cum
903 1377 1111 1432 Moscis
1138 1377 1351 1450 legatis,
1372 1378 1524 1450 Rege

312 1492 419 1526 non
460 1475 639 1527 solum
681 1475 1025 1546 permittente
1063 1475 1157 1527 sed
1217 1473 1383 1528 etiam
1423 1493 1521 1527 vo-

310 1568 472 1637 lente7
499 1569 802 1623 collocutus
828 1583 927 1639 est,
956 1590 1238 1642 quamque
1266 1570 1524 1626 Pontifex

313 1664 592 1718 Maximus
631 1665 696 1718 de
734 1665 981 1736 ipsorum
1029 1665 1299 1738 Principis
1350 1668 1523 1721 salute

313 1760 583 1813 laboraret
621 1760 828 1831 prolixe
864 1761 1102 1815 ostendit
1126 1770 1206 1826 243
1240 1761 1344 1834 egit
1376 1762 1522 1816 idem

312 1873 437 1908 cum
475 1857 736 1911 Poloniae
789 1860 970 1930 Rege,
1018 1873 1075 1912 ut
1130 1859 1327 1931 captivi
1374 1859 1521 1930 duO,

316 1951 610 2004 Velicensis
657 1953 795 2006 arcis
853 1956 1130 2025 praefecti,
1187 1975 1325 2028 quos
1377 1975 1524 2010 anno

314 2047 588 2117 superiore
643 2047 695 2100 in
736 2047 906 2119 ipsius
941 2051 1078 2105 arcis
1120 2050 1545 2124 expugnatione

313 2157 582 2213 coeperat7
612 2143 818 2197 Moscis
844 2145 1222 2213 redderentur,
1251 2158 1309 2198 ut
1333 2162 1397 2197 eo
1427 2143 1522 2197 be-

314 2237 506 2291 neficio
559 2239 626 2291 ad
677 2258 774 2307 ea,
830 2259 972 2311 quae
1027 2258 1154 2294 cum
1201 2241 1524 2294 Moscorum

316 2333 466 2386 Duce
491 2348 642 2387 erant
667 2335 900 2406 agenda,
929 2334 1075 2388 viam
1101 2334 1199 2388 sibi
1226 2334 1522 2388 faciliorem

315 2429 569 2483 muniret.
603 2430 793 2501 Itaque
820 2449 947 2485 cum
971 2450 1055 2501 ea,
1084 2450 1222 2503 quae
1249 2431 1319 2486 ad
1355 2430 1523 2484 Polo-
