1738 2867
682 237 733 244 ...-
784 225 807 254 3
847 236 907 242 —

180 395 398 450 animos
446 394 720 450 Ecclesiae
769 395 1058 448 Romanae
1106 395 1403 467 adjungere

180 489 458 562 cupiebat,
507 509 619 561 quo
677 489 887 543 facilior
941 489 1121 542 aditus
1170 489 1232 560 (si
1291 507 1400 560 qua

178 603 447 657 umquam
485 585 698 639 occasio
741 603 854 637 sese
878 582 1222 655 ostendisset)
1247 601 1401 636 sacro

179 680 460 752 evangelio
486 680 538 733 in
565 699 656 734 eas
699 680 948 753 regiones
989 694 1145 733 esset.
1184 678 1399 733 Severi-

180 794 350 847 genus
375 790 541 844 certe,
582 776 631 829 in
666 775 900 848 patriam
940 792 1208 842 reverst1S,
1250 774 1398 827 Pon-

180 871 337 925 tificis
416 872 645 925 Maximi
726 870 1104 924 liberalitatem
1132 912 1146 938 ,
1215 870 1400 924 Italiae

179 966 554 1036 splendorem,
601 967 970 1039 pietatemque
1029 964 1083 1016 in
1142 963 1402 1017 omnibus

178 1062 526 1116 sermonibus
571 1063 642 1116 ita
671 1062 1027 1133 praedicavit,
1063 1077 1121 1117 ut
1157 1081 1218 1116 ex
1259 1081 1320 1116 ea
1349 1081 1403 1115 re

178 1155 441 1210 invidiam
468 1174 579 1210 non
622 1175 853 1228 parvam
882 1159 1030 1230 apud
1078 1177 1206 1211 suos
1241 1157 1402 1211 colle-

179 1251 321 1323 gisse
374 1251 626 1305 videatur
670 1263 720 1321 73
759 1255 1095 1310 Nostrorum
1124 1256 1144 1289 ὃ
1181 1256 1402 1327 quidem

178 1363 497 1418 congressu,
550 1348 818 1417 quamdiu
864 1349 937 1404 illi
1003 1352 1055 1404 in
1121 1350 1402 1405 Moscovia

176 1441 416 1512 fuerunt,
443 1443 750 1514 prohibitus
782 1460 884 1515 est,
926 1464 1098 1518 eaque
1130 1447 1197 1500 de
1228 1464 1283 1499 re
1318 1446 1403 1499 ille

179 1555 276 1609 per
300 1538 540 1592 amicum
570 1558 684 1593 sese
717 1559 842 1594 cum
870 1541 934 1594 Ρ.
970 1541 1270 1594 Possevino
1305 1539 1402 1592 ali-

181 1632 394 1704 quoties
441 1634 715 1706 purgavit.
752 1637 935 1706 Atque
980 1636 1137 1707 liujus
1178 1636 1403 1707 quidem

181 1727 531 1801 longissimae
604 1730 1076 1802 peregrinationis,
1155 1731 1197 1783 si
1273 1730 1403 1783 nihil

183 1827 356 1896 aliud,
410 1827 492 1881 vel
546 1827 633 1881 ille
683 1827 891 1880 fructus
949 1827 1048 1879 fuit
1107 1827 1403 1894 maximuS,

182 1923 329 1994 quod
357 1940 453 1994 per
484 1941 608 1976 eam
644 1921 931 1993 legationis
970 1921 1208 1993 speciem
1251 1921 1405 1974 multi

185 2017 284 2071 viri
336 2017 608 2090 principes
648 2017 852 2071 inducti
894 2032 1041 2086 sunt,
1089 2034 1146 2071 ut
1196 2018 1246 2070 in
1294 2017 1406 2069 suis

188 2113 494 2167 Provinciis
524 2114 723 2182 multa,
761 2114 840 2167 vel
878 2114 1026 2167 mala
1053 2113 1405 2185 corrigerent,

183 2209 267 2263 vel
287 2208 431 2263 bona
449 2209 865 2277 constituerent,
883 2208 1221 2262 disseminati
1240 2207 1404 2262 etiam

183 2319 303 2358 tum
344 2305 484 2359 inter
538 2306 855 2373 catholicOS,
909 2320 1027 2358 tum
1084 2321 1212 2357 vero
1267 2302 1406 2355 inter

184 2401 483 2455 haereticos
510 2401 581 2473 pii
627 2400 822 2469 libelli,
851 2398 1065 2455 Graecii
1101 2413 1402 2471 praeterea,

1191 2543 1211 2551 ..a
