1738 2867
398 435 473 489 cis
512 431 961 504 superstitiosum
1003 443 1100 484 est.
1159 429 1273 485 Ubi
1317 449 1444 484 vero
1486 448 1614 502 pos-

397 544 640 584 tremum
720 527 987 581 ferculum
1063 540 1142 580 est
1206 524 1576 580 ministratum
1601 568 1614 593 ,

402 625 725 679 adolescens
761 622 871 691 ille7
916 621 1010 693 qui
1041 621 1106 675 P.
1148 619 1448 673 Possevino
1480 619 1615 673 assi-

403 720 594 789 debat,
627 718 767 772 Cleb
796 719 867 771 da
893 719 996 786 sol,
1030 716 1226 788 inquit,
1262 716 1315 769 id
1351 729 1430 769 est
1460 715 1617 787 panis

401 829 451 869 et
496 815 597 882 sal7
648 832 788 885 quae
826 812 1065 867 absoluti
1121 810 1338 883 prandii
1378 810 1616 863 formula

404 927 503 966 est.
539 913 681 964 Eam
699 926 828 964 vero
855 926 886 962 a
911 905 1103 980 Sergio
1135 906 1414 961 Monacho
1437 903 1482 938 36
1520 905 1618 959 ha-

405 1005 589 1061 buisse
632 1005 901 1076 originem
943 1015 1410 1071 commemorant,
1455 1018 1620 1072 quem

402 1117 527 1157 ante
554 1118 655 1156 cxc
685 1119 897 1156 annum
930 1113 1218 1154 mortuum
1262 1114 1313 1152 et
1351 1113 1621 1169 tanquam

406 1200 461 1255 in
513 1201 682 1254 Divos
734 1199 994 1266 relatum,
1044 1194 1432 1265 miraculisque
1490 1193 1623 1247 cele-

405 1295 558 1349 brem
585 1312 804 1348 summa
826 1311 955 1347 cum
978 1291 1235 1365 religione
1264 1289 1443 1344 Mosei
1466 1307 1624 1343 vene-

409 1404 635 1458 rantur·7
679 1389 723 1442 is
762 1388 930 1456 enim,
970 1388 1105 1441 dum
1143 1387 1291 1459 apud
1321 1406 1376 1441 se
1419 1387 1621 1441 Deme-

407 1485 542 1538 trius
612 1502 849 1556 magnus
923 1482 1044 1536 Dux
1110 1481 1495 1550 accumberet,
1559 1481 1623 1534 iis

409 1579 587 1635 verbis
627 1579 957 1632 daemonem
996 1596 1022 1631 e
1059 1578 1190 1631 cella
1230 1577 1448 1650 fugasse
1488 1577 1622 1631 dici-

407 1691 529 1744 tur,
592 1688 896 1747 putantque
955 1673 1143 1727 itidem
1200 1673 1381 1727 Mosei
1428 1671 1623 1726 iisdem

410 1789 574 1825 omne
619 1771 832 1824 malum
872 1769 1063 1823 averti.
1102 1767 1344 1824 Sublatis
1398 1768 1623 1838 mensis,

414 1866 603 1921 Nostri
633 1883 748 1918 sese
776 1865 830 1918 in
862 1863 1176 1919 cubiculum
1215 1881 1485 1936 recepere,
1514 1884 1625 1938 quo

411 1962 599 2016 statim
625 1961 853 2034 ingressi
873 1975 1000 2014 sunt
1026 1960 1281 2022 Pristavi,
1311 1976 1370 2015 ut
1407 1979 1499 2014 eos
1526 1979 1625 2032 pro

411 2058 584 2130 gentis
614 2076 769 2111 more
795 2057 958 2111 variis
981 2056 1356 2129 potationibus
1387 2056 1626 2112 oblecta-

413 2169 560 2223 rent·7
607 2172 745 2225 quos
781 2154 847 2207 P.
895 2153 1234 2208 possevinus
1280 2152 1463 2223 rejecit
1505 2171 1536 2207 a
1573 2172 1628 2207 se

414 2249 621 2318 dicens,
665 2264 894 2303 naturae
950 2267 1004 2302 se
1043 2249 1267 2319 quidem
1326 2249 1629 2303 necessitati

414 2343 761 2413 satisfecisse,
791 2344 1098 2399 sacerdotes
1131 2363 1281 2414 vem,
1318 2343 1414 2415 qui
1456 2341 1630 2413 quoti-

414 2440 500 2494 die
525 2439 730 2494 Christi
766 2455 1176 2496 sacrosanctum
1219 2458 1420 2512 corpus
1459 2437 1629 2491 susci-
