1738 2867
163 449 306 504 libus
360 465 634 520 passuum
701 467 766 502 Lx
821 449 999 519 distat*
1054 451 1143 521 qui
1200 451 1270 505 ab
1320 470 1382 505 eo

161 546 488 619 postularet,
525 559 584 598 ut
626 544 821 617 aliquis
850 545 1001 599 locus
1041 548 1254 602 medius
1288 549 1381 602 de-

162 641 440 714 ligeretur,
504 658 613 712 quo
661 639 943 712 utriusque
1002 643 1172 713 partis
1223 644 1381 715 ]egati

162 754 386 792 summa
412 754 540 790 cum
568 750 834 808 potestate
857 736 1228 791 convenirent.
1255 738 1384 791 Mis-

162 852 254 887 sus
295 845 374 886 est
416 831 672 886 Andreas
724 831 1079 903 ApolloniuS‚
1132 833 1266 886 alter
1318 851 1381 886 ex

161 928 572 1002 interpretibus„
610 927 809 1001 insigni
842 928 1113 1000 probitate
1151 928 1381 997 juvenis,

160 1026 254 1099 qui
298 1026 485 1099 paullo
526 1040 648 1098 post
689 1043 816 1079 cum
866 1044 927 1079 ex
976 1025 1263 1079 Moscovia
1299 1044 1382 1079 re-

161 1120 368 1189 diisset,
397 1121 452 1174 in
477 1120 737 1174 morbum
764 1119 973 1188 incidit,
1008 1119 1182 1190 iisque
1209 1120 1384 1173 omni·

161 1215 287 1285 buS‚
314 1232 455 1287 quae
489 1214 559 1268 ad
588 1214 929 1286 expiandum
971 1213 1224 1267 animum
1261 1231 1383 1285 per·

159 1313 333 1367 tinent
373 1312 472 1366 rite
514 1312 841 1384 procuratis,
881 1310 990 1365 vita
1034 1311 1252 1364 functus
1283 1325 1382 1364 est.

167 1407 442 1462 Kiverova
486 1407 654 1461 horca
702 1406 932 1480 exiguus
975 1424 1150 1478 pagus
1197 1420 1276 1459 est
1315 1406 1383 1458 ad

160 1500 388 1555 Jamum
429 1500 780 1573 Zapolsciae,
831 1500 1076 1554 millibus
1120 1517 1383 1571 passuum

162 1610 382 1652 centum
409 1616 439 1651 a
463 1596 684 1666 castris3
708 1598 751 1651 is
778 1596 1052 1668 colloquio
1080 1597 1383 1669 legatorum

161 1692 490 1761 destinatur,
525 1711 697 1764 eoque
731 1693 891 1764 legati
921 1693 991 1746 ad
1024 1692 1384 1746 constitutum

162 1804 380 1862 tempus
441 1803 834 1849 convenerunt.
904 1788 1133 1845 Curavit
1199 1802 1384 1842 autem

164 1885 231 1938 P.
264 1884 622 1953 Possevinu5‚
651 1900 707 1938 ut
735 1902 801 1938 ne
841 1884 1117 1956 quispiam
1154 1883 1385 1937 haereti·

163 1997 261 2034 cus
295 1978 348 2032 in
377 1996 498 2033 eam
532 1978 863 2051 legationem
886 1979 1209 2045 mitteretur,
1238 1976 1387 2048 quod

163 2076 221 2130 in
256 2075 503 2129 maxima
539 2076 940 2129 cathoiicorum
973 2074 1243 2147 paucitate
1274 2073 1387 2126 Rex

166 2189 384 2226 summe
403 2171 704 2226 catholicus
732 2171 1082 2226 libentissime
1098 2169 1383 2243 praestitit.

168 2267 230 2320 In
260 2266 381 2339 ipso
408 2284 553 2339 pago
578 2266 642 2321 P.
682 2265 1014 2320 Possevinus
1035 2263 1236 2319 mansit
1259 2280 1384 2317 cum

166 2360 400 2415 MosciS.
433 2361 634 2415 Poloni
656 2362 828 2416 millia
854 2378 1115 2433 passuum
1141 2359 1327 2413 decem
1354 2377 1384 2412 a

165 2473 310 2527 pago
338 2456 724 2510 consederunt.
756 2456 989 2528 Utrique
1005 2469 1188 2509 autem
1211 2454 1380 2507 Mosei
