1738 2867
840 247 1069 294 -4„‚

341 421 632 489 Olomutii‚
672 423 903 493 Pragae‚
955 420 1183 491 aliisque
1225 419 1280 473 in
1324 419 1556 474 civitati-

341 517 443 571 bus
482 534 792 589 pauperum
829 514 1070 587 Collegia
1113 514 1357 568 instituta
1397 515 1557 569 scho-

340 612 677 679 lasticorum,
713 629 854 682 quae
884 629 946 664 eo
981 610 1179 663 animis
1206 610 1562 681 aequioribus

341 722 562 779 accepta
590 720 717 759 sunt
750 706 959 773 omnia,
997 705 1145 775 quod
1182 703 1245 757 iis
1277 704 1559 758 Pontificis

342 801 570 856 Maximi
621 800 917 855 auctoritas
963 799 1409 871 praetexabatur‚
1464 798 1560 870 qui

341 896 505 950 etiam
544 895 613 948 ad
661 894 753 948 illa
784 893 970 947 omnia
1012 893 1348 948 conficienda
1391 912 1558 966 pecu-

342 991 489 1045 niam
541 989 832 1043 liberaliter
877 987 1264 1059 suppeditavit.
1319 987 1561 1042 Venetiis

342 1102 420 1140 ter
455 1099 476 1132 9
505 1085 576 1138 ad
613 1084 868 1137 intimum
907 1097 1160 1137 senatum
1208 1102 1335 1138 cum
1383 1084 1560 1139 Mosei

341 1181 518 1252 legato
579 1180 645 1233 P.
722 1179 1059 1233 possevinus
1130 1179 1428 1249 admissus,
1494 1181 1559 1235 de

340 1274 539 1329 Christi
569 1274 702 1346 Opt.
735 1274 892 1328 Max,
937 1274 1042 1330 fide
1077 1277 1458 1350 propaganda,
1493 1279 1560 1332 de

339 1371 621 1428 Societatis
647 1389 869 1428 nostrae
894 1372 1163 1443 institutO,
1195 1373 1370 1445 deque
1403 1372 1562 1429 Sedis

338 1468 688 1539 Apostolicae
717 1486 870 1536 cura,
895 1486 1063 1539 quam
1090 1467 1143 1521 in
1182 1486 1403 1523 morum
1434 1487 1561 1523 con-

336 1563 725 1616 formationem
752 1563 986 1632 consert,
1013 1582 1072 1617 ea
1106 1563 1380 1634 disseruit,
1419 1584 1558 1637 quo-

338 1676 463 1711 rum
517 1659 620 1730 ipsi
675 1658 1006 1713 memoriam
1073 1659 1143 1712 ad
1198 1659 1560 1714 centesimum

337 1770 547 1805 annum
593 1753 920 1807 duraturam
976 1754 1157 1808 testati
1213 1768 1359 1810 sunt.
1413 1755 1558 1811 Cum

336 1866 463 1901 vero
520 1848 819 1902 discedenti
875 1849 940 1903 P.
991 1850 1296 1906 Possevino
1342 1871 1484 1906 unus
1531 1872 1558 1907 e

336 1942 674 2014 principibus
733 1953 775 1977 ¹0
821 1945 888 1999 de
953 1961 1174 2002 senatus
1236 1950 1558 2005 auctoritate

336 2041 508 2094 multa
541 2059 601 2095 ac
628 2043 1028 2113 pretiosissima
1063 2044 1209 2097 dona
1248 2044 1555 2114 obtulisset,

336 2153 398 2189 ea
431 2136 616 2189 omnia
642 2138 716 2190 sic
748 2137 836 2192 ille
873 2140 1101 2212 respuit,
1144 2155 1202 2195 ut
1239 2140 1461 2210 diceret,
1503 2141 1556 2195 id

335 2249 389 2283 se
428 2249 598 2284 unum
648 2233 851 2287 summi
900 2235 1147 2290 beneficii
1200 2255 1263 2291 ac
1313 2237 1557 2291 muneris

336 2328 454 2380 ioco
493 2341 695 2398 petere,
734 2344 790 2382 ut
833 2344 911 2384 tot
954 2349 1240 2386 sacrorum
1283 2333 1553 2402 locorum,

335 2422 389 2476 in
411 2423 611 2494 quibus
636 2425 1111 2482 sanctissimorum
1137 2428 1429 2483 hominum
1469 2445 1574 2483 re-‘
