1738 2867
613 248 875 308 ..59-

130 437 303 493 venit.
353 437 514 491 Faxit
561 437 730 505 DeuS,
776 449 834 489 ut
879 436 1357 508 quemadmodum

130 534 267 587 haec
300 531 488 587 missio
519 531 728 586 bellum
758 531 1144 603 gravissimum
1177 532 1360 587 confe-

133 628 225 696 cit,
275 627 350 681 sic
396 626 563 680 etiam
608 625 1057 697 superstitionum
1104 627 1357 681 omnium

130 724 299 776 finem
342 722 548 790 fecerit,
577 736 633 775 ut
672 739 782 775 non
822 721 1003 775 solum
1033 740 1158 776 cum
1197 722 1359 776 Polo-

134 819 215 872 nis
244 818 447 888 Mosei,
478 818 571 872 sed
601 818 781 871 multo
815 816 980 871 etiam
1006 818 1182 891 magis
1232 836 1358 871 cum

136 915 395 968 Romana
433 913 658 968 ecclesia
695 912 1130 981 reconcilientur,
1166 913 1236 967 ab
1265 931 1358 967 ea-

130 1030 237 1083 que
265 1010 522 1082 deinceps
559 1027 718 1063 veros
757 1008 892 1062 ritus
933 1027 995 1062 ac
1038 1008 1356 1081 religionem

129 1119 338 1180 petant.
389 1106 555 1159 Nunc
593 1104 856 1176 quoniam
893 1104 960 1158 de
998 1105 1356 1160 Moscovitica

129 1201 390 1255 missione
435 1218 617 1254 sermo
659 1214 760 1268 est,
804 1219 916 1254 non
959 1200 1199 1255 alienum
1240 1220 1355 1255 esse

131 1295 346 1351 videtur
393 1295 460 1350 de
509 1296 833 1350 Moscorum
882 1295 1134 1350 moribus
1176 1313 1355 1367 pauca

130 1409 194 1446 ex
251 1391 317 1444 P.
354 1390 588 1444 Joannis
634 1389 794 1444 Pauli
840 1389 1117 1463 Campani
1168 1391 1356 1446 litteris

131 1488 282 1558 (nam
321 1486 387 1539 de
418 1485 611 1540 iisdem
644 1486 826 1541 Patris
862 1486 1026 1541 etiam
1069 1487 1354 1541 Possevini

127 1581 559 1636 commentarius
591 1595 802 1636 exstare
834 1581 1032 1636 dicitur
1055 1581 1101 1630 59
1128 1583 1354 1655 >propo-

133 1696 278 1732 nere.
304 1677 594 1731 Moscovia
624 1676 761 1732 inter
795 1676 1103 1751 Scythiam,
1127 1674 1355 1731 Sarma-

131 1777 378 1846 tiamque
401 1790 569 1844 supra
590 1773 802 1827 Tanais
828 1773 1029 1842 fonteS,
1075 1791 1249 1844 usque
1286 1773 1355 1826 ad

129 1871 431 1944 Caspium,
476 1884 904 1940 concretumque
954 1886 1105 1922 mare
1158 1868 1356 1922 vastis-

132 1967 274 2021 simo
306 1980 481 2020 tractu
514 1965 840 2019 extenditur.
870 1963 1169 2018 Terminos
1195 1963 1359 2017 habet

134 2063 204 2117 ab
232 2062 438 2116 oriente
460 2059 763 2113 Tauricam
792 2056 1098 2131 Scythiam,
1119 2058 1189 2113 ab
1215 2059 1359 2112 occi-

134 2159 295 2213 dente
326 2155 642 2224 Livoniam,
671 2173 700 2208 a
730 2154 958 2208 meridie
999 2151 1359 2221 Sarmatiam,

136 2272 166 2307 a
195 2250 586 2326 septemtrione
606 2249 897 2305 Oceanum
923 2248 1226 2320 glacialem.
1252 2249 1362 2301 To-

131 2364 222 2402 tus
275 2366 403 2402 vero
439 2359 647 2400 tractus
681 2343 908 2398 circuitu
945 2343 1145 2415 colligit
1179 2343 1361 2397 leucas

130 2445 258 2517 plus
314 2443 483 2498 mille.
543 2442 730 2513 Hujus
794 2440 981 2514 populi
1039 2442 1214 2494 Mosci
1264 2458 1358 2493 seu

1145 2568 1177 2598 4.
