<?xml version="1.0" encoding="UTF-8"?>
<!DOCTYPE html PUBLIC "-//W3C//DTD XHTML 1.0 Transitional//EN"
    "http://www.w3.org/TR/xhtml1/DTD/xhtml1-transitional.dtd">
<html xmlns="http://www.w3.org/1999/xhtml" xml:lang="en" lang="en">
 <head>
  <title>
</title>
<meta http-equiv="Content-Type" content="text/html;charset=utf-8" />
  <meta name='ocr-system' content='tesseract 3.04.00' />
  <meta name='ocr-capabilities' content='ocr_page ocr_carea ocr_par ocr_line ocrx_word'/>
</head>
<body>
  <div class='ocr_page' id='page_1' title='image "antoniipossevini00poss_0035.png"; bbox 0 0 1738 2867; ppageno 0'>
   <div class='ocr_carea' id='block_1_1' title="bbox 201 224 1423 2492">
    <p class='ocr_par' dir='ltr' id='par_1_1' title="bbox 201 224 1423 2492">
     <span class='ocr_line' id='line_1_1' title="bbox 678 224 941 271; baseline 0 -14"><span class='ocrx_word' id='word_1_1' title='bbox 678 249 735 257; x_wconf 66' lang='grc'>,-</span> <span class='ocrx_word' id='word_1_2' title='bbox 785 224 838 271; x_wconf 79' lang='lat'>13</span> <span class='ocrx_word' id='word_1_3' title='bbox 880 251 941 257; x_wconf 72' lang='grc'>-.,</span> 
     </span>
     <span class='ocr_line' id='line_1_2' title="bbox 201 409 1414 485; baseline 0.004 -21"><span class='ocrx_word' id='word_1_4' title='bbox 201 409 349 464; x_wconf 86' lang='lat' dir='ltr'>tibus</span> <span class='ocrx_word' id='word_1_5' title='bbox 389 409 603 478; x_wconf 71' lang='lat' dir='ltr'>ornati,</span> <span class='ocrx_word' id='word_1_6' title='bbox 651 411 879 465; x_wconf 88' lang='lat' dir='ltr'>obviam</span> <span class='ocrx_word' id='word_1_7' title='bbox 919 413 1077 485; x_wconf 80' lang='lat' dir='ltr'>longe</span> <span class='ocrx_word' id='word_1_8' title='bbox 1119 430 1414 483; x_wconf 69' lang='lat' dir='ltr'>venerunt,</span> 
     </span>
     <span class='ocr_line' id='line_1_3' title="bbox 202 505 1417 576; baseline 0.005 -19"><span class='ocrx_word' id='word_1_9' title='bbox 202 505 342 558; x_wconf 90' lang='lat' dir='ltr'>inter</span> <span class='ocrx_word' id='word_1_10' title='bbox 406 523 546 576; x_wconf 90' lang='lat' dir='ltr'>quos</span> <span class='ocrx_word' id='word_1_11' title='bbox 605 505 907 576; x_wconf 81' lang='lat' dir='ltr'><strong>principem</strong></span> <span class='ocrx_word' id='word_1_12' title='bbox 960 507 1140 560; x_wconf 85' lang='lat' dir='ltr'>locum</span> <span class='ocrx_word' id='word_1_13' title='bbox 1200 510 1417 563; x_wconf 84' lang='lat' dir='ltr'>tenebat</span> 
     </span>
     <span class='ocr_line' id='line_1_4' title="bbox 204 597 1413 671; baseline 0.004 -18"><span class='ocrx_word' id='word_1_14' title='bbox 204 597 575 654; x_wconf 89' lang='lat' dir='ltr'>Smolentiani</span> <span class='ocrx_word' id='word_1_15' title='bbox 604 599 843 653; x_wconf 83' lang='lat' dir='ltr'>Palatini</span> <span class='ocrx_word' id='word_1_16' title='bbox 882 601 1022 653; x_wconf 85' lang='lat' dir='ltr'>filius</span> <span class='ocrx_word' id='word_1_17' title='bbox 1059 612 1124 656; x_wconf 82' lang='lat'>27.</span> <span class='ocrx_word' id='word_1_18' title='bbox 1157 603 1231 671; x_wconf 66' lang='lat' dir='ltr'>Is,</span> <span class='ocrx_word' id='word_1_19' title='bbox 1261 620 1319 658; x_wconf 91' lang='lat' dir='ltr'>ut</span> <span class='ocrx_word' id='word_1_20' title='bbox 1351 606 1413 658; x_wconf 82' lang='lat' dir='ltr'>P.</span> 
     </span>
     <span class='ocr_line' id='line_1_5' title="bbox 206 695 1418 766; baseline 0.003 -17"><span class='ocrx_word' id='word_1_21' title='bbox 206 695 575 750; x_wconf 74' lang='lat' dir='ltr'>possevinum</span> <span class='ocrx_word' id='word_1_22' title='bbox 606 695 675 749; x_wconf 91' lang='lat' dir='ltr'>ad</span> <span class='ocrx_word' id='word_1_23' title='bbox 705 713 911 766; x_wconf 86' lang='lat' dir='ltr'>equum</span> <span class='ocrx_word' id='word_1_24' title='bbox 939 699 1418 753; x_wconf 86' lang='lat' dir='ltr'>conscendendum</span> 
     </span>
     <span class='ocr_line' id='line_1_6' title="bbox 203 790 1417 863; baseline 0.004 -19"><span class='ocrx_word' id='word_1_25' title='bbox 203 790 473 859; x_wconf 74' lang='lat' dir='ltr'>invitavit,</span> <span class='ocrx_word' id='word_1_26' title='bbox 501 790 764 844; x_wconf 82' lang='lat' dir='ltr'>continuo</span> <span class='ocrx_word' id='word_1_27' title='bbox 799 791 844 844; x_wconf 89' lang='lat' dir='ltr'>ei</span> <span class='ocrx_word' id='word_1_28' title='bbox 885 793 1126 863; x_wconf 87' lang='lat' dir='ltr'>parentis</span> <span class='ocrx_word' id='word_1_29' title='bbox 1155 796 1417 849; x_wconf 87' lang='lat' dir='ltr'>mandata</span> 
     </span>
     <span class='ocr_line' id='line_1_7' title="bbox 201 887 1416 961; baseline 0.002 -20"><span class='ocrx_word' id='word_1_30' title='bbox 201 887 452 958; x_wconf 83' lang='lat' dir='ltr'>exposuit</span> <span class='ocrx_word' id='word_1_31' title='bbox 501 908 511 940; x_wconf 90' lang='lat'>:</span> <span class='ocrx_word' id='word_1_32' title='bbox 562 887 864 959; x_wconf 79' lang='lat' dir='ltr'>ignosceret</span> <span class='ocrx_word' id='word_1_33' title='bbox 908 889 1032 956; x_wconf 75' lang='lat' dir='ltr'>sibi,</span> <span class='ocrx_word' id='word_1_34' title='bbox 1085 891 1232 961; x_wconf 90' lang='lat' dir='ltr'>quod</span> <span class='ocrx_word' id='word_1_35' title='bbox 1274 890 1416 961; x_wconf 89' lang='lat' dir='ltr'>ipse-</span> 
     </span>
     <span class='ocr_line' id='line_1_8' title="bbox 202 980 1417 1057; baseline 0.003 -22"><span class='ocrx_word' id='word_1_36' title='bbox 202 995 314 1035; x_wconf 89' lang='lat' dir='ltr'>met</span> <span class='ocrx_word' id='word_1_37' title='bbox 353 981 579 1035; x_wconf 86' lang='lat' dir='ltr'>obviam</span> <span class='ocrx_word' id='word_1_38' title='bbox 611 980 685 1034; x_wconf 89' lang='lat' dir='ltr'>illi</span> <span class='ocrx_word' id='word_1_39' title='bbox 734 999 843 1036; x_wconf 91' lang='lat' dir='ltr'>non</span> <span class='ocrx_word' id='word_1_40' title='bbox 891 984 1203 1055; x_wconf 72' lang='lat' dir='ltr'>prodiisset,</span> <span class='ocrx_word' id='word_1_41' title='bbox 1240 1005 1417 1057; x_wconf 87' lang='lat' dir='ltr'>neque</span> 
     </span>
     <span class='ocr_line' id='line_1_9' title="bbox 202 1077 1417 1150; baseline 0.003 -19"><span class='ocrx_word' id='word_1_42' title='bbox 202 1078 346 1132; x_wconf 91' lang='lat' dir='ltr'>enim</span> <span class='ocrx_word' id='word_1_43' title='bbox 382 1077 585 1149; x_wconf 89' lang='lat' dir='ltr'>pedem</span> <span class='ocrx_word' id='word_1_44' title='bbox 610 1095 671 1130; x_wconf 84' lang='lat' dir='ltr'>ex</span> <span class='ocrx_word' id='word_1_45' title='bbox 714 1096 835 1133; x_wconf 89' lang='lat' dir='ltr'>arce</span> <span class='ocrx_word' id='word_1_46' title='bbox 881 1080 1038 1134; x_wconf 84' lang='lat' dir='ltr'>licere</span> <span class='ocrx_word' id='word_1_47' title='bbox 1065 1081 1271 1150; x_wconf 69' lang='lat' dir='ltr'>efferre,</span> <span class='ocrx_word' id='word_1_48' title='bbox 1299 1097 1417 1136; x_wconf 89' lang='lat' dir='ltr'>tum</span> 
     </span>
     <span class='ocr_line' id='line_1_10' title="bbox 203 1170 1418 1248; baseline 0.004 -22"><span class='ocrx_word' id='word_1_49' title='bbox 203 1173 269 1226; x_wconf 90' lang='lat' dir='ltr'>de</span> <span class='ocrx_word' id='word_1_50' title='bbox 298 1170 550 1245; x_wconf 82' lang='lat' dir='ltr'>Gregorii</span> <span class='ocrx_word' id='word_1_51' title='bbox 579 1174 726 1228; x_wconf 94' lang='lat' dir='ltr'>XIII</span> <span class='ocrx_word' id='word_1_52' title='bbox 763 1176 1098 1244; x_wconf 79' lang='lat' dir='ltr'>valetudine,</span> <span class='ocrx_word' id='word_1_53' title='bbox 1128 1178 1304 1248; x_wconf 86' lang='lat' dir='ltr'>deque</span> <span class='ocrx_word' id='word_1_54' title='bbox 1331 1179 1418 1231; x_wconf 88' lang='lat' dir='ltr'>iti-</span> 
     </span>
     <span class='ocr_line' id='line_1_11' title="bbox 203 1269 1421 1342; baseline 0.002 -20"><span class='ocrx_word' id='word_1_55' title='bbox 203 1286 354 1338; x_wconf 77' lang='lat' dir='ltr'>nere⁷</span> <span class='ocrx_word' id='word_1_56' title='bbox 397 1284 455 1323; x_wconf 91' lang='lat' dir='ltr'>ut</span> <span class='ocrx_word' id='word_1_57' title='bbox 496 1269 787 1324; x_wconf 86' lang='lat' dir='ltr'>incolumis</span> <span class='ocrx_word' id='word_1_58' title='bbox 820 1270 1137 1342; x_wconf 80' lang='lat' dir='ltr'>equitasset⁷</span> <span class='ocrx_word' id='word_1_59' title='bbox 1187 1271 1421 1325; x_wconf 83' lang='lat' dir='ltr'>sciscita-</span> 
     </span>
     <span class='ocr_line' id='line_1_12' title="bbox 203 1366 1418 1434; baseline 0.002 -17"><span class='ocrx_word' id='word_1_60' title='bbox 203 1379 290 1418; x_wconf 88' lang='lat' dir='ltr'>tus</span> <span class='ocrx_word' id='word_1_61' title='bbox 316 1378 417 1434; x_wconf 77' lang='lat' dir='ltr'>est,</span> <span class='ocrx_word' id='word_1_62' title='bbox 452 1366 675 1420; x_wconf 88' lang='lat' dir='ltr'>tandem</span> <span class='ocrx_word' id='word_1_63' title='bbox 713 1367 869 1420; x_wconf 83' lang='lat' dir='ltr'>illurn</span> <span class='ocrx_word' id='word_1_64' title='bbox 911 1366 966 1420; x_wconf 89' lang='lat' dir='ltr'>in</span> <span class='ocrx_word' id='word_1_65' title='bbox 999 1384 1164 1420; x_wconf 89' lang='lat' dir='ltr'>suum</span> <span class='ocrx_word' id='word_1_66' title='bbox 1198 1367 1418 1420; x_wconf 89' lang='lat' dir='ltr'>eomita-</span> 
     </span>
     <span class='ocr_line' id='line_1_13' title="bbox 203 1462 1418 1536; baseline -0.001 -20"><span class='ocrx_word' id='word_1_67' title='bbox 203 1476 323 1516; x_wconf 91' lang='lat' dir='ltr'>tum</span> <span class='ocrx_word' id='word_1_68' title='bbox 350 1479 637 1536; x_wconf 86' lang='lat' dir='ltr'>acceptum</span> <span class='ocrx_word' id='word_1_69' title='bbox 662 1464 715 1518; x_wconf 85' lang='lat' dir='ltr'>in</span> <span class='ocrx_word' id='word_1_70' title='bbox 755 1463 974 1531; x_wconf 70' lang='lat' dir='ltr'>urbem,</span> <span class='ocrx_word' id='word_1_71' title='bbox 1008 1476 1172 1534; x_wconf 91' lang='lat' dir='ltr'>atque</span> <span class='ocrx_word' id='word_1_72' title='bbox 1200 1463 1338 1516; x_wconf 89' lang='lat' dir='ltr'>adeo</span> <span class='ocrx_word' id='word_1_73' title='bbox 1366 1462 1418 1516; x_wconf 91' lang='lat' dir='ltr'>in</span> 
     </span>
     <span class='ocr_line' id='line_1_14' title="bbox 204 1558 1419 1630; baseline 0.001 -18"><span class='ocrx_word' id='word_1_74' title='bbox 204 1576 387 1613; x_wconf 87' lang='lat' dir='ltr'>arcem</span> <span class='ocrx_word' id='word_1_75' title='bbox 412 1559 737 1629; x_wconf 67' lang='lat' dir='ltr'>introduxit,</span> <span class='ocrx_word' id='word_1_76' title='bbox 773 1562 826 1614; x_wconf 88' lang='lat' dir='ltr'>in</span> <span class='ocrx_word' id='word_1_77' title='bbox 862 1576 1032 1630; x_wconf 89' lang='lat' dir='ltr'>quam</span> <span class='ocrx_word' id='word_1_78' title='bbox 1069 1558 1272 1612; x_wconf 87' lang='lat' dir='ltr'>nemini</span> <span class='ocrx_word' id='word_1_79' title='bbox 1302 1560 1419 1613; x_wconf 84' lang='lat' dir='ltr'>adi-</span> 
     </span>
     <span class='ocr_line' id='line_1_15' title="bbox 202 1655 1419 1726; baseline -0.001 -16"><span class='ocrx_word' id='word_1_80' title='bbox 202 1671 291 1710; x_wconf 89' lang='lat' dir='ltr'>tus</span> <span class='ocrx_word' id='word_1_81' title='bbox 334 1675 449 1711; x_wconf 91' lang='lat' dir='ltr'>esse</span> <span class='ocrx_word' id='word_1_82' title='bbox 494 1657 651 1725; x_wconf 78' lang='lat' dir='ltr'>solet7</span> <span class='ocrx_word' id='word_1_83' title='bbox 693 1675 761 1711; x_wconf 92' lang='lat' dir='ltr'>ne</span> <span class='ocrx_word' id='word_1_84' title='bbox 794 1655 1048 1711; x_wconf 80' lang='lat' dir='ltr'>Caesaris</span> <span class='ocrx_word' id='word_1_85' title='bbox 1085 1656 1308 1726; x_wconf 84' lang='lat' dir='ltr'>quidem</span> <span class='ocrx_word' id='word_1_86' title='bbox 1345 1656 1419 1709; x_wconf 90' lang='lat' dir='ltr'>le-</span> 
     </span>
     <span class='ocr_line' id='line_1_16' title="bbox 201 1751 1413 1827; baseline -0.002 -21"><span class='ocrx_word' id='word_1_87' title='bbox 201 1767 349 1827; x_wconf 74' lang='lat' dir='ltr'>gam,</span> <span class='ocrx_word' id='word_1_88' title='bbox 395 1753 490 1824; x_wconf 90' lang='lat' dir='ltr'>qui</span> <span class='ocrx_word' id='word_1_89' title='bbox 523 1767 708 1807; x_wconf 87' lang='lat' dir='ltr'>tamen</span> <span class='ocrx_word' id='word_1_90' title='bbox 745 1751 922 1806; x_wconf 84' lang='lat' dir='ltr'>Mosei</span> <span class='ocrx_word' id='word_1_91' title='bbox 968 1751 1279 1804; x_wconf 84' lang='lat' dir='ltr'>foederatus</span> <span class='ocrx_word' id='word_1_92' title='bbox 1305 1765 1413 1819; x_wconf 72' lang='lat' dir='ltr'>es13</span> 
     </span>
     <span class='ocr_line' id='line_1_17' title="bbox 204 1844 1419 1921; baseline -0.007 -16"><span class='ocrx_word' id='word_1_93' title='bbox 204 1847 590 1921; x_wconf 85' lang='lat' dir='ltr'>interpretibus</span> <span class='ocrx_word' id='word_1_94' title='bbox 620 1861 805 1900; x_wconf 85' lang='lat' dir='ltr'>autem</span> <span class='ocrx_word' id='word_1_95' title='bbox 847 1860 995 1899; x_wconf 79' lang='lat' dir='ltr'>extra</span> <span class='ocrx_word' id='word_1_96' title='bbox 1024 1862 1204 1898; x_wconf 85' lang='lat' dir='ltr'>arcem</span> <span class='ocrx_word' id='word_1_97' title='bbox 1235 1844 1419 1916; x_wconf 85' lang='lat' dir='ltr'>hospi-</span> 
     </span>
     <span class='ocr_line' id='line_1_18' title="bbox 203 1939 1421 2012; baseline -0.007 -12"><span class='ocrx_word' id='word_1_98' title='bbox 203 1946 342 2000; x_wconf 89' lang='lat' dir='ltr'>tium</span> <span class='ocrx_word' id='word_1_99' title='bbox 382 1944 574 1998; x_wconf 87' lang='lat' dir='ltr'>datum</span> <span class='ocrx_word' id='word_1_100' title='bbox 603 1957 704 2012; x_wconf 73' lang='lat' dir='ltr'>est,</span> <span class='ocrx_word' id='word_1_101' title='bbox 734 1961 861 1996; x_wconf 88' lang='lat' dir='ltr'>cum</span> <span class='ocrx_word' id='word_1_102' title='bbox 895 1941 1042 1994; x_wconf 88' lang='lat' dir='ltr'>enim</span> <span class='ocrx_word' id='word_1_103' title='bbox 1088 1941 1121 1994; x_wconf 90' lang='lat' dir='ltr'>ii</span> <span class='ocrx_word' id='word_1_104' title='bbox 1163 1939 1421 1994; x_wconf 79' lang='lat' dir='ltr'>Lithuani</span> 
     </span>
     <span class='ocr_line' id='line_1_19' title="bbox 206 2037 1423 2111; baseline -0.006 -16"><span class='ocrx_word' id='word_1_105' title='bbox 206 2055 421 2110; x_wconf 71' lang='lat' dir='ltr'>essent,</span> <span class='ocrx_word' id='word_1_106' title='bbox 460 2040 775 2111; x_wconf 86' lang='lat' dir='ltr'>Moseisque</span> <span class='ocrx_word' id='word_1_107' title='bbox 822 2037 1095 2110; x_wconf 70' lang='lat' dir='ltr'>suspecti,</span> <span class='ocrx_word' id='word_1_108' title='bbox 1149 2037 1200 2090; x_wconf 90' lang='lat' dir='ltr'>in</span> <span class='ocrx_word' id='word_1_109' title='bbox 1243 2053 1423 2089; x_wconf 84' lang='lat' dir='ltr'>arcem</span> 
     </span>
     <span class='ocr_line' id='line_1_20' title="bbox 205 2132 1422 2208; baseline -0.008 -16"><span class='ocrx_word' id='word_1_110' title='bbox 205 2138 435 2192; x_wconf 88' lang='lat' dir='ltr'>omnino</span> <span class='ocrx_word' id='word_1_111' title='bbox 461 2150 749 2208; x_wconf 85' lang='lat' dir='ltr'>penetrare</span> <span class='ocrx_word' id='word_1_112' title='bbox 774 2135 1067 2188; x_wconf 87' lang='lat' dir='ltr'>noluerunt</span> <span class='ocrx_word' id='word_1_113' title='bbox 1092 2132 1157 2184; x_wconf 64' lang='lat'>28.</span> <span class='ocrx_word' id='word_1_114' title='bbox 1194 2133 1290 2184; x_wconf 85' lang='lat' dir='ltr'>Est</span> <span class='ocrx_word' id='word_1_115' title='bbox 1324 2149 1422 2184; x_wconf 84' lang='lat' dir='ltr'>au-</span> 
     </span>
     <span class='ocr_line' id='line_1_21' title="bbox 206 2227 1423 2300; baseline -0.007 -14"><span class='ocrx_word' id='word_1_116' title='bbox 206 2248 316 2287; x_wconf 89' lang='lat' dir='ltr'>tem</span> <span class='ocrx_word' id='word_1_117' title='bbox 381 2230 750 2287; x_wconf 85' lang='lat' dir='ltr'>Smolentium</span> <span class='ocrx_word' id='word_1_118' title='bbox 799 2229 988 2284; x_wconf 87' lang='lat' dir='ltr'>civitas</span> <span class='ocrx_word' id='word_1_119' title='bbox 1031 2246 1192 2300; x_wconf 89' lang='lat' dir='ltr'>super</span> <span class='ocrx_word' id='word_1_120' title='bbox 1239 2227 1423 2279; x_wconf 86' lang='lat' dir='ltr'>Boris-</span> 
     </span>
     <span class='ocr_line' id='line_1_22' title="bbox 207 2321 1422 2394; baseline -0.007 -14"><span class='ocrx_word' id='word_1_121' title='bbox 207 2327 427 2382; x_wconf 88' lang='lat' dir='ltr'>thenem</span> <span class='ocrx_word' id='word_1_122' title='bbox 456 2326 685 2380; x_wconf 88' lang='lat' dir='ltr'>fluvium</span> <span class='ocrx_word' id='word_1_123' title='bbox 711 2325 836 2394; x_wconf 73' lang='lat' dir='ltr'>sita,</span> <span class='ocrx_word' id='word_1_124' title='bbox 863 2338 1017 2377; x_wconf 86' lang='lat' dir='ltr'>vasta</span> <span class='ocrx_word' id='word_1_125' title='bbox 1052 2323 1142 2375; x_wconf 84' lang='lat' dir='ltr'>illa</span> <span class='ocrx_word' id='word_1_126' title='bbox 1175 2321 1422 2392; x_wconf 69' lang='lat' dir='ltr'>quidem,</span> 
     </span>
     <span class='ocr_line' id='line_1_23' title="bbox 206 2417 1422 2492; baseline -0.009 -13"><span class='ocrx_word' id='word_1_127' title='bbox 206 2423 302 2478; x_wconf 88' lang='lat' dir='ltr'>sed</span> <span class='ocrx_word' id='word_1_128' title='bbox 327 2423 464 2478; x_wconf 90' lang='lat' dir='ltr'>raris</span> <span class='ocrx_word' id='word_1_129' title='bbox 485 2421 799 2491; x_wconf 68' lang='lat' dir='ltr'>domiciliis7</span> <span class='ocrx_word' id='word_1_130' title='bbox 821 2420 994 2492; x_wconf 86' lang='lat' dir='ltr'>iisque</span> <span class='ocrx_word' id='word_1_131' title='bbox 1022 2417 1232 2491; x_wconf 64' lang='lat' dir='ltr'>ligneis7</span> <span class='ocrx_word' id='word_1_132' title='bbox 1260 2430 1422 2489; x_wconf 89' lang='lat' dir='ltr'>ponte</span> 
     </span>
    </p>
   </div>
  </div>
 </body>
</html>
