1738 2867
130 450 301 520 horiS‚
359 464 492 522 quot
545 450 859 505 convivium
924 453 1163 523 duravit,
1231 458 1355 528 plus

130 545 374 618 sexagies
420 560 793 600 assurrectum
835 562 933 601 est.
984 547 1099 603 Sub
1138 553 1351 622 prandii

129 642 319 711 finem,
347 643 493 711 Dux,
518 642 661 696 facto
705 642 938 713 silentio7
966 646 1347 716 gravissimam

127 737 434 792 orationem
485 738 760 809 ingressus
799 738 865 792 de
911 741 1182 809 majorum
1218 761 1345 795 suo-

125 849 251 886 rum
282 849 409 886 cum
445 832 706 886 Romano
737 833 1005 888 Pontifice
1045 834 1260 891 foedere
1296 854 1346 891 et

125 927 384 997 amicitia,
420 927 699 1000 professus
730 943 810 982 est
842 929 997 986 illurn
1037 933 1342 1001 generalem

122 1042 237 1079 esse
259 1023 603 1080 Christianae
635 1024 991 1096 Reipublicae
1028 1026 1342 1097 Pastorem,

119 1119 432 1193 Christique
478 1120 770 1189 vicarium,
808 1121 941 1175 velle
986 1122 1215 1193 proinde
1264 1141 1340 1191 se,

120 1234 358 1288 suosque
380 1217 435 1270 in
467 1215 582 1287 ejus
607 1230 871 1289 potestate
898 1234 960 1271 ac
992 1217 1097 1272 fide
1122 1236 1339 1289 perma-

120 1330 267 1367 nere.
320 1311 480 1383 Quae
523 1312 720 1381 orati0‚
774 1312 893 1366 licet
940 1330 1049 1366 non
1098 1332 1162 1366 ex
1211 1332 1339 1368 vero

118 1406 288 1462 animi
316 1425 478 1462 sensu
504 1407 766 1480 profecta,
806 1407 902 1461 sed
929 1409 1198 1480 praesenti
1240 1427 1336 1463 ne-

116 1504 366 1560 cessitate
411 1523 665 1578 expressa
720 1520 880 1575 esset,
941 1520 999 1560 ut
1038 1506 1111 1560 rei
1162 1504 1336 1559 exitus

115 1600 398 1671 indicavit,
445 1601 747 1674 plurimum
801 1616 987 1656 tamen
1043 1602 1216 1656 valuit
1262 1602 1332 1656 ad

114 1696 397 1752 Pontificis
438 1696 673 1752 Maximi
723 1697 1179 1752 existimationem
1230 1716 1330 1770 po-

113 1792 259 1865 pulis
306 1792 728 1847 conciliandam.
780 1793 1012 1848 Peracto
1056 1791 1328 1861 convivio,

113 1889 287 1962 (quod
340 1889 689 1962 superiorum
737 1889 990 1943 omnium
1056 1888 1329 1960 amplissi-

111 2003 267 2041 mum
290 1984 455 2039 fuisse
486 1984 662 2039 Mosci
702 1984 1097 2057 affirmabant),
1141 1985 1331 2041 Nostri

108 2081 303 2135 eadem
328 2080 634 2153 frequentia
676 2081 908 2135 domum
940 2080 1146 2136 reducti
1180 2095 1324 2134 sunt.

106 2176 384 2231 Triduum
409 2176 535 2231 inde
563 2175 617 2230 in
658 2176 932 2231 vertendis
971 2175 1025 2229 in
1066 2177 1329 2230 Rutlieni-

106 2288 233 2326 cum
256 2289 569 2327 sermonem
599 2272 881 2328 Pontificis
912 2272 1140 2326 Maximi
1164 2289 1324 2325 man-

103 2368 243 2423 datis
267 2383 660 2442 consumptum
695 2384 794 2424 est.
826 2369 933 2423 Per
959 2386 1127 2440 quam
1160 2386 1318 2423 occa-

102 2466 309 2520 sionem
331 2467 605 2538 quaedam
623 2464 677 2520 in
696 2484 759 2521 ea
777 2479 1052 2538 praeterea
1072 2465 1314 2535 conjecta
