1738 2867
570 210 758 304 ’.ζῖῥ
795 268 856 276 .-

112 430 243 484 data
297 448 393 502 per
440 429 797 500 interpretem
848 430 1130 502 exposuit„
1188 447 1329 500 quae

114 543 243 579 mox
285 525 453 579 etiam
496 524 810 597 petentibus
853 525 1052 597 scripto
1088 524 1323 578 tradidit.

124 620 340 673 Eorum
379 619 511 672 haec
537 632 651 672 erat
691 635 933 687 summa,
975 633 1035 672 ut
1067 620 1331 689 quoniam

119 714 235 786 ipse
285 712 541 768 Pontifici
593 713 846 768 Maximo
896 732 992 785 per
1018 715 1334 786 proximum

119 809 364 882 legatum
426 809 702 882 pollicitus
767 823 940 873 esset„
990 828 1087 878 se7
1153 810 1193 863 si
1260 809 1330 863 ab

122 907 272 979 Rege
319 905 584 960 Poloniae
641 905 817 960 otium
857 904 1072 974 fuisset,
1127 904 1335 958 bellum

117 1001 318 1055 Turcis
361 1001 670 1070 illaturum,
719 1000 883 1054 fidem
941 1019 1051 1053 non
1106 999 1335 1069 falleret.²

118 1100 212 1155 sed
250 1100 322 1154 ad
376 1115 735 1152 communem
782 1097 998 1150 hostem
1036 1096 1338 1149 tollendum

121 1215 250 1251 cum
335 1195 524 1249 ceteris
610 1192 922 1247 christianis
999 1190 1339 1264 principibus

123 1291 504 1363 conspiraret2,
577 1289 815 1343 liberum
879 1288 1172 1343 transitum
1246 1304 1342 1358 per

124 1405 288 1441 suum
317 1386 575 1458 Regnum
612 1383 894 1438 Pontificis
921 1382 1157 1437 Maximi
1204 1382 1344 1454 lega-

123 1483 190 1538 tis
216 1483 392 1550 daret,
416 1481 460 1535 si
485 1499 626 1552 quos
656 1480 743 1534 ille
774 1480 884 1533 ullo
913 1496 1185 1551 umquam
1212 1492 1346 1532 tem-

62 1644 64 1646 >
124 1597 257 1651 pore
297 1578 367 1632 ad
410 1577 609 1631 Persas
655 1576 1034 1646 Tartarosque
1077 1574 1344 1629 destinas-

128 1689 237 1744 set3
267 1672 546 1728 catholicis
566 1671 621 1725 in
641 1671 926 1726 Moscovia
952 1670 1348 1725 commercium

125 1783 286 1839 esset⁷
348 1769 666 1841 templaque
717 1767 750 1821 ii
800 1767 1194 1821 catholicorum
1242 1765 1346 1820 ritu

128 1866 410 1920 haberent.
451 1864 801 1919 Hortabatur
861 1877 1140 1935 praeterea
1186 1861 1348 1934 Mag—

131 1980 267 2016 num
288 1961 503 2015 Ducem
533 1960 812 2029 Pontifex,
834 1974 893 2013 ut
927 1959 996 2013 ad
1024 1957 1349 2013 catholicam

133 2059 455 2133 religionem
505 2072 864 2114 reverteretur
918 2072 968 2112 et
1016 2058 1069 2111 in
1111 2057 1351 2112 Romani

136 2154 416 2210 Pontificis
460 2170 728 2228 potestate
777 2168 935 2209 esset.
992 2152 1204 2206 Interea
1243 2151 1352 2204 duo

132 2250 420 2323 Principes
470 2250 570 2304 viri
639 2249 1033 2323 superveniunt
1105 2266 1136 2300 a
1204 2246 1353 2299 Duce

132 2346 320 2416 missi,
370 2345 465 2418 qui
525 2364 760 2400 munera
822 2345 888 2398 de
943 2345 1008 2397 P.
1068 2340 1356 2396 Possevini

139 2461 309 2498 manu
338 2455 564 2514 accepta
592 2461 689 2514 per
717 2442 1031 2496 universam
1055 2439 1202 2493 illam
1231 2454 1357 2510 pur-
