<?xml version="1.0" encoding="UTF-8"?>
<!DOCTYPE html PUBLIC "-//W3C//DTD XHTML 1.0 Transitional//EN"
    "http://www.w3.org/TR/xhtml1/DTD/xhtml1-transitional.dtd">
<html xmlns="http://www.w3.org/1999/xhtml" xml:lang="en" lang="en">
 <head>
  <title>
</title>
<meta http-equiv="Content-Type" content="text/html;charset=utf-8" />
  <meta name='ocr-system' content='tesseract 3.04.00' />
  <meta name='ocr-capabilities' content='ocr_page ocr_carea ocr_par ocr_line ocrx_word'/>
</head>
<body>
  <div class='ocr_page' id='page_1' title='image "antoniipossevini00poss_0141.png"; bbox 0 0 1738 2867; ppageno 0'>
   <div class='ocr_carea' id='block_1_1' title="bbox 504 180 893 259">
    <p class='ocr_par' dir='ltr' id='par_1_1' title="bbox 504 180 893 259">
     <span class='ocr_line' id='line_1_1' title="bbox 504 180 893 259; baseline 0.003 -77"><span class='ocrx_word' id='word_1_1' title='bbox 504 180 893 259; x_wconf 34' lang='lat'><strong>*2359</strong></span> 
     </span>
    </p>
   </div>
   <div class='ocr_carea' id='block_1_2' title="bbox 103 399 1335 2490">
    <p class='ocr_par' dir='ltr' id='par_1_2' title="bbox 103 399 1335 2490">
     <span class='ocr_line' id='line_1_2' title="bbox 103 399 1324 473; baseline -0.001 -17"><span class='ocrx_word' id='word_1_2' title='bbox 103 401 343 473; x_wconf 85' lang='lat' dir='ltr'><strong>tarisque</strong></span> <span class='ocrx_word' id='word_1_3' title='bbox 406 399 679 473; x_wconf 74' lang='lat' dir='ltr'><strong>religionis</strong></span> <span class='ocrx_word' id='word_1_4' title='bbox 736 418 932 453; x_wconf 80' lang='lat' dir='ltr'>caussa</span> <span class='ocrx_word' id='word_1_5' title='bbox 1014 400 1324 455; x_wconf 81' lang='lat' dir='ltr'><strong>interfectos</strong></span> 
     </span>
     <span class='ocr_line' id='line_1_3' title="bbox 104 498 1323 571; baseline -0.002 -17"><span class='ocrx_word' id='word_1_6' title='bbox 104 499 281 554; x_wconf 88' lang='lat' dir='ltr'><strong>Mosei</strong></span> <span class='ocrx_word' id='word_1_7' title='bbox 313 517 412 570; x_wconf 89' lang='lat' dir='ltr'><strong>pro</strong></span> <span class='ocrx_word' id='word_1_8' title='bbox 443 498 786 571; x_wconf 77' lang='lat' dir='ltr'><strong>Martyribus</strong></span> <span class='ocrx_word' id='word_1_9' title='bbox 821 513 1167 552; x_wconf 80' lang='lat' dir='ltr'><strong>venerantur.</strong></span> <span class='ocrx_word' id='word_1_10' title='bbox 1200 500 1323 570; x_wconf 80' lang='lat' dir='ltr'><strong>Epi-</strong></span> 
     </span>
     <span class='ocr_line' id='line_1_4' title="bbox 105 594 1324 668; baseline -0.003 -18"><span class='ocrx_word' id='word_1_11' title='bbox 105 596 254 668; x_wconf 83' lang='lat' dir='ltr'><strong>scopi</strong></span> <span class='ocrx_word' id='word_1_12' title='bbox 290 595 356 649; x_wconf 86' lang='lat' dir='ltr'><strong>de</strong></span> <span class='ocrx_word' id='word_1_13' title='bbox 386 595 674 649; x_wconf 83' lang='lat' dir='ltr'><strong>monachis</strong></span> <span class='ocrx_word' id='word_1_14' title='bbox 701 594 1089 661; x_wconf 64' lang='lat' dir='ltr'><strong>adsumuntur„</strong></span> <span class='ocrx_word' id='word_1_15' title='bbox 1126 595 1324 665; x_wconf 86' lang='lat' dir='ltr'><strong>quibus</strong></span> 
     </span>
     <span class='ocr_line' id='line_1_5' title="bbox 106 690 1322 762; baseline -0.002 -17"><span class='ocrx_word' id='word_1_16' title='bbox 106 691 350 745; x_wconf 81' lang='lat' dir='ltr'><strong>similiter</strong></span> <span class='ocrx_word' id='word_1_17' title='bbox 427 706 591 762; x_wconf 84' lang='lat' dir='ltr'><strong>atque</strong></span> <span class='ocrx_word' id='word_1_18' title='bbox 667 690 955 744; x_wconf 82' lang='lat' dir='ltr'><strong>monachis</strong></span> <span class='ocrx_word' id='word_1_19' title='bbox 1035 690 1279 743; x_wconf 83' lang='lat' dir='ltr'><strong>carnium</strong></span> <span class='ocrx_word' id='word_1_20' title='bbox 1309 734 1322 758; x_wconf 77' lang='lat'>,</span> 
     </span>
     <span class='ocr_line' id='line_1_6' title="bbox 107 786 1320 860; baseline -0.002 -20"><span class='ocrx_word' id='word_1_21' title='bbox 107 787 541 860; x_wconf 80' lang='lat' dir='ltr'><strong>nuptiarumque</strong></span> <span class='ocrx_word' id='word_1_22' title='bbox 578 805 710 839; x_wconf 90' lang='lat' dir='ltr'><strong>usus</strong></span> <span class='ocrx_word' id='word_1_23' title='bbox 743 786 926 838; x_wconf 89' lang='lat' dir='ltr'><strong>omnis</strong></span> <span class='ocrx_word' id='word_1_24' title='bbox 966 786 1320 839; x_wconf 74' lang='lat' dir='ltr'><strong>interdicitur.</strong></span> 
     </span>
     <span class='ocr_line' id='line_1_7' title="bbox 111 881 1325 953; baseline -0.003 -16"><span class='ocrx_word' id='word_1_25' title='bbox 111 883 234 937; x_wconf 92' lang='lat' dir='ltr'><strong>Hos</strong></span> <span class='ocrx_word' id='word_1_26' title='bbox 274 882 419 953; x_wconf 76' lang='lat' dir='ltr'><strong>eligit</strong></span> <span class='ocrx_word' id='word_1_27' title='bbox 469 882 615 947; x_wconf 65' lang='lat' dir='ltr'><strong>Dux,</strong></span> <span class='ocrx_word' id='word_1_28' title='bbox 671 881 923 952; x_wconf 78' lang='lat' dir='ltr'><strong>Episcopi</strong></span> <span class='ocrx_word' id='word_1_29' title='bbox 979 895 1164 934; x_wconf 85' lang='lat' dir='ltr'><strong>autem</strong></span> <span class='ocrx_word' id='word_1_30' title='bbox 1215 881 1325 934; x_wconf 91' lang='lat' dir='ltr'><strong>duo</strong></span> 
     </span>
     <span class='ocr_line' id='line_1_8' title="bbox 106 976 1326 1048; baseline -0.002 -16"><span class='ocrx_word' id='word_1_31' title='bbox 106 993 281 1032; x_wconf 87' lang='lat' dir='ltr'><strong>tresve</strong></span> <span class='ocrx_word' id='word_1_32' title='bbox 321 989 663 1032; x_wconf 86' lang='lat' dir='ltr'><strong>consecrant.</strong></span> <span class='ocrx_word' id='word_1_33' title='bbox 705 976 944 1048; x_wconf 85' lang='lat' dir='ltr'><strong>Templa</strong></span> <span class='ocrx_word' id='word_1_34' title='bbox 987 976 1326 1030; x_wconf 80' lang='lat' dir='ltr'><strong>sanctissime</strong></span> 
     </span>
     <span class='ocr_line' id='line_1_9' title="bbox 108 1071 1328 1145; baseline -0.002 -19"><span class='ocrx_word' id='word_1_35' title='bbox 108 1073 316 1141; x_wconf 72' lang='lat' dir='ltr'><strong>colunt,</strong></span> <span class='ocrx_word' id='word_1_36' title='bbox 344 1072 419 1127; x_wconf 90' lang='lat' dir='ltr'><strong>sic</strong></span> <span class='ocrx_word' id='word_1_37' title='bbox 446 1088 503 1125; x_wconf 91' lang='lat' dir='ltr'><strong>ut</strong></span> <span class='ocrx_word' id='word_1_38' title='bbox 530 1091 591 1126; x_wconf 86' lang='lat' dir='ltr'><strong>ea</strong></span> <span class='ocrx_word' id='word_1_39' title='bbox 620 1073 722 1136; x_wconf 83' lang='lat' dir='ltr'><strong>his,</strong></span> <span class='ocrx_word' id='word_1_40' title='bbox 752 1072 844 1145; x_wconf 91' lang='lat' dir='ltr'><strong>qui</strong></span> <span class='ocrx_word' id='word_1_41' title='bbox 873 1072 1166 1126; x_wconf 85' lang='lat' dir='ltr'><strong>libidinum</strong></span> <span class='ocrx_word' id='word_1_42' title='bbox 1194 1071 1328 1124; x_wconf 85' lang='lat' dir='ltr'><strong>ima-</strong></span> 
     </span>
     <span class='ocr_line' id='line_1_10' title="bbox 108 1167 1327 1242; baseline -0.004 -19"><span class='ocrx_word' id='word_1_43' title='bbox 108 1168 416 1242; x_wconf 83' lang='lat' dir='ltr'><strong>ginationes</strong></span> <span class='ocrx_word' id='word_1_44' title='bbox 463 1169 516 1222; x_wconf 90' lang='lat' dir='ltr'><strong>in</strong></span> <span class='ocrx_word' id='word_1_45' title='bbox 559 1169 739 1240; x_wconf 85' lang='lat' dir='ltr'><strong>quiete</strong></span> <span class='ocrx_word' id='word_1_46' title='bbox 785 1168 891 1222; x_wconf 90' lang='lat' dir='ltr'><strong>sint</strong></span> <span class='ocrx_word' id='word_1_47' title='bbox 920 1168 1089 1240; x_wconf 62' lang='lat' dir='ltr'><strong>passi,</strong></span> <span class='ocrx_word' id='word_1_48' title='bbox 1130 1167 1327 1220; x_wconf 84' lang='lat' dir='ltr'><strong>intrare</strong></span> 
     </span>
     <span class='ocr_line' id='line_1_11' title="bbox 108 1264 1328 1338; baseline -0.005 -16"><span class='ocrx_word' id='word_1_49' title='bbox 108 1268 191 1323; x_wconf 87' lang='lat' dir='ltr'><strong>fas</strong></span> <span class='ocrx_word' id='word_1_50' title='bbox 226 1288 334 1323; x_wconf 85' lang='lat' dir='ltr'><strong>non</strong></span> <span class='ocrx_word' id='word_1_51' title='bbox 375 1269 460 1323; x_wconf 91' lang='lat' dir='ltr'><strong>sit.</strong></span> <span class='ocrx_word' id='word_1_52' title='bbox 503 1266 645 1323; x_wconf 85' lang='lat' dir='ltr'><strong>Sunt</strong></span> <span class='ocrx_word' id='word_1_53' title='bbox 678 1282 864 1322; x_wconf 84' lang='lat' dir='ltr'><strong>autem</strong></span> <span class='ocrx_word' id='word_1_54' title='bbox 909 1267 1114 1338; x_wconf 88' lang='lat' dir='ltr'><strong>templa</strong></span> <span class='ocrx_word' id='word_1_55' title='bbox 1155 1264 1328 1319; x_wconf 86' lang='lat' dir='ltr'><strong>crucis</strong></span> 
     </span>
     <span class='ocr_line' id='line_1_12' title="bbox 110 1362 1327 1440; baseline -0.006 -17"><span class='ocrx_word' id='word_1_56' title='bbox 110 1387 164 1423; x_wconf 88' lang='lat' dir='ltr'><strong>m</strong></span> <span class='ocrx_word' id='word_1_57' title='bbox 212 1368 448 1440; x_wconf 89' lang='lat' dir='ltr'><strong>speciem</strong></span> <span class='ocrx_word' id='word_1_58' title='bbox 501 1381 834 1434; x_wconf 71' lang='lat' dir='ltr'><strong>constructa,</strong></span> <span class='ocrx_word' id='word_1_59' title='bbox 894 1365 1114 1419; x_wconf 86' lang='lat' dir='ltr'><strong>duabus</strong></span> <span class='ocrx_word' id='word_1_60' title='bbox 1169 1362 1327 1435; x_wconf 88' lang='lat' dir='ltr'><strong>quasi</strong></span> 
     </span>
     <span class='ocr_line' id='line_1_13' title="bbox 111 1457 1330 1534; baseline -0.006 -16"><span class='ocrx_word' id='word_1_61' title='bbox 111 1464 234 1531; x_wconf 75' lang='lat' dir='ltr'><strong>alis,</strong></span> <span class='ocrx_word' id='word_1_62' title='bbox 264 1477 320 1517; x_wconf 89' lang='lat' dir='ltr'><strong>ut</strong></span> <span class='ocrx_word' id='word_1_63' title='bbox 349 1463 401 1517; x_wconf 92' lang='lat' dir='ltr'><strong>in</strong></span> <span class='ocrx_word' id='word_1_64' title='bbox 433 1463 675 1534; x_wconf 86' lang='lat' dir='ltr'><strong>antiquis</strong></span> <span class='ocrx_word' id='word_1_65' title='bbox 707 1461 925 1533; x_wconf 88' lang='lat' dir='ltr'><strong>templis</strong></span> <span class='ocrx_word' id='word_1_66' title='bbox 961 1459 1232 1526; x_wconf 66' lang='lat' dir='ltr'><strong>videmus7</strong></span> <span class='ocrx_word' id='word_1_67' title='bbox 1260 1457 1330 1511; x_wconf 88' lang='lat' dir='ltr'><strong>ab</strong></span> 
     </span>
     <span class='ocr_line' id='line_1_14' title="bbox 112 1556 1331 1632; baseline -0.007 -18"><span class='ocrx_word' id='word_1_68' title='bbox 112 1574 343 1632; x_wconf 87' lang='lat' dir='ltr'><strong>utroque</strong></span> <span class='ocrx_word' id='word_1_69' title='bbox 398 1560 561 1613; x_wconf 86' lang='lat' dir='ltr'><strong>latere</strong></span> <span class='ocrx_word' id='word_1_70' title='bbox 615 1556 1097 1631; x_wconf 72' lang='lat' dir='ltr'><strong>prominentibus,</strong></span> <span class='ocrx_word' id='word_1_71' title='bbox 1166 1573 1331 1607; x_wconf 78' lang='lat' dir='ltr'><strong>naves</strong></span> 
     </span>
     <span class='ocr_line' id='line_1_15' title="bbox 110 1649 1329 1728; baseline -0.005 -21"><span class='ocrx_word' id='word_1_72' title='bbox 110 1655 274 1728; x_wconf 85' lang='lat' dir='ltr'><strong>vulgo</strong></span> <span class='ocrx_word' id='word_1_73' title='bbox 310 1655 609 1726; x_wconf 84' lang='lat' dir='ltr'><strong>appellant.</strong></span> <span class='ocrx_word' id='word_1_74' title='bbox 646 1654 846 1707; x_wconf 89' lang='lat' dir='ltr'><strong>Murus</strong></span> <span class='ocrx_word' id='word_1_75' title='bbox 884 1653 936 1705; x_wconf 92' lang='lat' dir='ltr'><strong>in</strong></span> <span class='ocrx_word' id='word_1_76' title='bbox 980 1649 1165 1705; x_wconf 82' lang='lat' dir='ltr'><strong>medio</strong></span> <span class='ocrx_word' id='word_1_77' title='bbox 1190 1663 1329 1702; x_wconf 89' lang='lat' dir='ltr'><strong>tem-</strong></span> 
     </span>
     <span class='ocr_line' id='line_1_16' title="bbox 112 1744 1331 1823; baseline -0.007 -19"><span class='ocrx_word' id='word_1_78' title='bbox 112 1751 204 1823; x_wconf 90' lang='lat' dir='ltr'><strong>plo</strong></span> <span class='ocrx_word' id='word_1_79' title='bbox 232 1750 438 1804; x_wconf 83' lang='lat' dir='ltr'><strong>clerum</strong></span> <span class='ocrx_word' id='word_1_80' title='bbox 465 1768 496 1803; x_wconf 86' lang='lat' dir='ltr'><strong>a</strong></span> <span class='ocrx_word' id='word_1_81' title='bbox 524 1749 731 1820; x_wconf 88' lang='lat' dir='ltr'><strong>reliquo</strong></span> <span class='ocrx_word' id='word_1_82' title='bbox 757 1748 961 1820; x_wconf 88' lang='lat' dir='ltr'><strong>populo</strong></span> <span class='ocrx_word' id='word_1_83' title='bbox 985 1746 1198 1813; x_wconf 74' lang='lat' dir='ltr'><strong>dividit,</strong></span> <span class='ocrx_word' id='word_1_84' title='bbox 1227 1744 1331 1797; x_wconf 80' lang='lat' dir='ltr'><strong>ltu-</strong></span> 
     </span>
     <span class='ocr_line' id='line_1_17' title="bbox 114 1840 1330 1915; baseline -0.008 -15"><span class='ocrx_word' id='word_1_85' title='bbox 114 1846 198 1915; x_wconf 87' lang='lat' dir='ltr'><strong>jus</strong></span> <span class='ocrx_word' id='word_1_86' title='bbox 251 1845 395 1899; x_wconf 88' lang='lat' dir='ltr'><strong>muri</strong></span> <span class='ocrx_word' id='word_1_87' title='bbox 465 1844 619 1898; x_wconf 87' lang='lat' dir='ltr'><strong>frons</strong></span> <span class='ocrx_word' id='word_1_88' title='bbox 688 1845 883 1915; x_wconf 87' lang='lat' dir='ltr'><strong>januas</strong></span> <span class='ocrx_word' id='word_1_89' title='bbox 954 1841 1117 1895; x_wconf 85' lang='lat' dir='ltr'><strong>habet</strong></span> <span class='ocrx_word' id='word_1_90' title='bbox 1172 1840 1330 1906; x_wconf 70' lang='lat' dir='ltr'><strong>duas,</strong></span> 
     </span>
     <span class='ocr_line' id='line_1_18' title="bbox 113 1935 1332 2012; baseline -0.009 -17"><span class='ocrx_word' id='word_1_91' title='bbox 113 1958 353 2012; x_wconf 87' lang='lat' dir='ltr'><strong>quarum</strong></span> <span class='ocrx_word' id='word_1_92' title='bbox 387 1941 578 2007; x_wconf 71' lang='lat' dir='ltr'><strong>altera,</strong></span> <span class='ocrx_word' id='word_1_93' title='bbox 607 1957 748 2011; x_wconf 89' lang='lat' dir='ltr'><strong>quae</strong></span> <span class='ocrx_word' id='word_1_94' title='bbox 776 1937 941 2008; x_wconf 74' lang='lat' dir='ltr'><strong>Regis</strong></span> <span class='ocrx_word' id='word_1_95' title='bbox 972 1935 1166 1988; x_wconf 83' lang='lat' dir='ltr'><strong>dicitur</strong></span> <span class='ocrx_word' id='word_1_96' title='bbox 1189 1952 1332 1986; x_wconf 88' lang='lat' dir='ltr'><strong>nun-</strong></span> 
     </span>
     <span class='ocr_line' id='line_1_19' title="bbox 115 2027 1334 2108; baseline -0.01 -17"><span class='ocrx_word' id='word_1_97' title='bbox 115 2054 284 2108; x_wconf 86' lang='lat' dir='ltr'><strong>quam</strong></span> <span class='ocrx_word' id='word_1_98' title='bbox 322 2034 646 2102; x_wconf 70' lang='lat' dir='ltr'><strong>recluditur,</strong></span> <span class='ocrx_word' id='word_1_99' title='bbox 690 2033 790 2087; x_wconf 88' lang='lat' dir='ltr'><strong>nisi</strong></span> <span class='ocrx_word' id='word_1_100' title='bbox 825 2050 952 2086; x_wconf 86' lang='lat' dir='ltr'><strong>cum</strong></span> <span class='ocrx_word' id='word_1_101' title='bbox 987 2049 1048 2084; x_wconf 90' lang='lat' dir='ltr'><strong>ea</strong></span> <span class='ocrx_word' id='word_1_102' title='bbox 1092 2028 1248 2101; x_wconf 80' lang='lat' dir='ltr'><strong>panis</strong></span> <span class='ocrx_word' id='word_1_103' title='bbox 1281 2027 1334 2080; x_wconf 91' lang='lat' dir='ltr'><strong>in</strong></span> 
     </span>
     <span class='ocr_line' id='line_1_20' title="bbox 116 2130 1332 2200; baseline -0.01 -14"><span class='ocrx_word' id='word_1_104' title='bbox 116 2132 446 2186; x_wconf 86' lang='lat' dir='ltr'><strong>sacrificium</strong></span> <span class='ocrx_word' id='word_1_105' title='bbox 509 2130 713 2185; x_wconf 87' lang='lat' dir='ltr'><strong>Missae</strong></span> <span class='ocrx_word' id='word_1_106' title='bbox 778 2141 1140 2200; x_wconf 87' lang='lat' dir='ltr'><strong>praeparatus</strong></span> <span class='ocrx_word' id='word_1_107' title='bbox 1208 2140 1332 2176; x_wconf 89' lang='lat' dir='ltr'><strong>cum</strong></span> 
     </span>
     <span class='ocr_line' id='line_1_21' title="bbox 117 2218 1332 2299; baseline -0.009 -19"><span class='ocrx_word' id='word_1_108' title='bbox 117 2226 512 2299; x_wconf 89' lang='lat' dir='ltr'><strong>supplicatione</strong></span> <span class='ocrx_word' id='word_1_109' title='bbox 552 2227 804 2291; x_wconf 74' lang='lat' dir='ltr'><strong>effertur3</strong></span> <span class='ocrx_word' id='word_1_110' title='bbox 846 2223 895 2276; x_wconf 92' lang='lat' dir='ltr'><strong>in</strong></span> <span class='ocrx_word' id='word_1_111' title='bbox 932 2223 1098 2294; x_wconf 69' lang='lat' dir='ltr'><strong>adyta</strong></span> <span class='ocrx_word' id='word_1_112' title='bbox 1132 2218 1332 2272; x_wconf 88' lang='lat' dir='ltr'><strong>nemini</strong></span> 
     </span>
     <span class='ocr_line' id='line_1_22' title="bbox 117 2312 1335 2394; baseline -0.009 -18"><span class='ocrx_word' id='word_1_113' title='bbox 117 2338 498 2394; x_wconf 86' lang='lat' dir='ltr'><strong>praeterquam</strong></span> <span class='ocrx_word' id='word_1_114' title='bbox 528 2320 732 2375; x_wconf 90' lang='lat' dir='ltr'><strong>clericis</strong></span> <span class='ocrx_word' id='word_1_115' title='bbox 758 2333 902 2391; x_wconf 84' lang='lat' dir='ltr'><strong>patet</strong></span> <span class='ocrx_word' id='word_1_116' title='bbox 929 2317 1235 2388; x_wconf 72' lang='lat' dir='ltr'><strong>ingressus·7</strong></span> <span class='ocrx_word' id='word_1_117' title='bbox 1266 2312 1335 2366; x_wconf 84' lang='lat' dir='ltr'><strong>ibi</strong></span> 
     </span>
     <span class='ocr_line' id='line_1_23' title="bbox 118 2407 1334 2490; baseline -0.012 -17"><span class='ocrx_word' id='word_1_118' title='bbox 118 2420 307 2490; x_wconf 87' lang='lat' dir='ltr'><strong>procul</strong></span> <span class='ocrx_word' id='word_1_119' title='bbox 363 2417 434 2472; x_wconf 88' lang='lat' dir='ltr'><strong>ab</strong></span> <span class='ocrx_word' id='word_1_120' title='bbox 496 2416 666 2470; x_wconf 89' lang='lat' dir='ltr'><strong>oculis</strong></span> <span class='ocrx_word' id='word_1_121' title='bbox 728 2413 1094 2487; x_wconf 88' lang='lat' dir='ltr'><strong>profanorum</strong></span> <span class='ocrx_word' id='word_1_122' title='bbox 1151 2407 1334 2461; x_wconf 87' lang='lat' dir='ltr'><strong>divina</strong></span> 
     </span>
    </p>
   </div>
  </div>
 </body>
</html>
