1738 2867
723 225 732 226 i
823 225 831 227 ,,
873 225 936 291 ζ
975 223 1157 319 ῆς
1228 221 1609 226 ,Ἦῌ

391 457 518 496 sunt
544 443 614 496 ad
634 443 978 497 evellendam
1003 461 1065 497 ex
1092 443 1290 497 animis
1319 444 1612 500 hominum

389 556 619 610 pravam
656 539 723 592 de
764 538 931 592 latina
980 538 1221 592 Ecclesia
1260 553 1312 593 et
1354 539 1612 613 religione

390 634 724 705 opinionem.
749 630 931 687 Pridie
949 634 1058 686 kal.
1078 634 1404 706 septembris
1419 636 1614 690 eadem

392 747 598 800 pompa
625 729 1042 800 celebritateque
1074 730 1266 783 Nostri
1295 730 1362 783 ad
1401 731 1615 785 Ducem

391 824 592 878 iterum
619 824 985 878 deducuntur.
1018 823 1147 895 Quo
1175 825 1261 879 die
1290 826 1434 896 Dux,
1460 844 1617 898 prae-

392 919 538 972 fatus
565 919 848 973 pontilicis
883 919 1112 973 Maximi
1156 920 1615 992 benevolentiam,

396 1016 690 1087 Patrisque
720 1016 1007 1070 Possevini
1046 1017 1392 1071 sedulitatem
1422 1017 1616 1089 gratis-

391 1112 591 1164 simam
619 1111 721 1165 sibi
752 1112 1035 1181 accidisse,
1064 1111 1198 1166 dixit
1222 1131 1277 1166 se
1302 1126 1424 1167 tum
1448 1112 1617 1185 ipsius

395 1207 677 1262 Pontificis
712 1219 756 1250 Ἠ
815 1223 935 1262 turn
985 1208 1209 1262 Rodulfi
1264 1208 1619 1281 Imperatoris

395 1302 596 1356 litteras
650 1303 934 1375 diligenter
983 1303 1174 1376 legisse
1215 1302 1285 1373 45,
1356 1309 1519 1376 atque
1548 1305 1620 1359 ad

392 1400 608 1470 singula
647 1400 825 1472 capita
860 1419 914 1454 se
966 1418 1061 1472 per
1105 1419 1234 1455 suos
1278 1400 1620 1455 consiliarios

397 1492 655 1564 (singulos
715 1494 1034 1564 nominans⁷
1101 1495 1377 1567 digitoque
1438 1495 1619 1568 desig-

396 1591 554 1662 nans)
584 1609 1002 1662 responsurum.
1031 1591 1166 1645 Inde
1187 1591 1253 1644 Ρ.
1285 1591 1621 1646 Possevinus

395 1701 522 1738 cum
565 1686 889 1741 consiliariis
934 1686 1139 1741 Basilio
1187 1686 1438 1759 Gregorii
1487 1686 1619 1756 filio,

403 1781 662 1838 Romano
713 1781 996 1835 Michaelis
1044 1781 1176 1850 filio,
1230 1782 1459 1836 Andrea
1497 1779 1620 1836 Sol-

396 1882 636 1948 chamon,
681 1877 859 1950 Regni
900 1877 1265 1946 Cancellari0‚
1309 1877 1622 1949 Epiphania

399 1974 657 2031 Damiani
700 1973 861 2042 Filio,
906 1973 1122 2027 Joanne
1167 1971 1454 2046 Stresgnof
1475 1971 1524 2015 45
1568 1974 1623 2028 in

397 2075 802 2146 hypocaustum
830 2068 1046 2122 secedit.
1087 2067 1171 2122 Ibi
1212 2069 1478 2124 horarum
1517 2068 1616 2123 cir-

397 2170 527 2223 citer
562 2168 804 2241 quinque
848 2166 1027 2239 spatio
1071 2185 1155 2220 res
1200 2185 1231 2220 a
1261 2165 1627 2237 Consiliariis,

402 2264 676 2336 Patreque
710 2261 1011 2317 Possevino
1040 2262 1324 2335 diligenter
1364 2276 1485 2318 acta
1521 2275 1623 2329 est,

404 2374 454 2414 et
479 2361 549 2414 ad
576 2359 789 2432 singula
811 2371 1060 2412 accurate
1096 2376 1426 2430 responsum
1458 2378 1469 2412 :
1501 2356 1624 2411 reli-

406 2474 519 2527 qua
558 2455 612 2509 in
648 2455 792 2508 diem
831 2468 955 2507 ante
992 2452 1133 2525 prid.
1174 2454 1324 2508 Non.
1374 2451 1624 2525 Septem·
