1738 2867
146 371 337 426 feriam
363 369 478 424 sine
519 369 632 423 ullo
669 368 788 423 cibo
816 368 1158 441 transigunt·7
1195 370 1351 423 tertia

144 485 273 521 vero
306 480 356 519 et
395 466 590 537 quinta
637 463 768 518 feria
818 464 985 517 semel
1037 464 1218 517 cibum
1266 483 1356 518 ca-

143 563 322 635 piunt,
377 574 708 633 peccataque
774 558 1042 612 sacerdoti
1101 559 1354 626 confessi,

147 657 380 712 sabbato
407 657 634 710 demam
658 654 742 708 die
775 654 979 710 Christi
1017 672 1214 726 corpus
1243 674 1357 708 sus-

146 754 372 827 cipiunt.
418 754 481 807 In
534 751 786 805 universa
828 750 1112 804 Moscovia
1169 750 1358 822 ingens

146 852 617 907 Monasteriorum
635 850 928 904 multitudo
943 850 1201 918 cernitur,
1223 849 1360 903 adeo

147 963 206 1002 ut
250 948 303 1002 in
345 947 563 1002 duabus
611 946 921 1001 civitatibus
968 945 1253 1000 Moscovia
1312 959 1362 999 et

149 1043 506 1116 Novogardia
543 1059 646 1111 144
667 1041 932 1096 coenobia
959 1054 1319 1094 numerantur
1346 1060 1355 1093 :

146 1157 321 1193 unum
349 1156 414 1193 ex
447 1137 530 1191 his
564 1137 620 1191 in
654 1136 993 1191 Boristhenis
1039 1136 1157 1208 ripa
1198 1137 1363 1189 situm

148 1233 340 1288 Nostri
365 1232 785 1305 perlustrarunt.
815 1231 908 1284 Ad.
940 1231 1210 1302 templum
1247 1248 1364 1302 gra-

147 1329 310 1384 dibus
343 1326 783 1382 adscendebatur
814 1346 826 1379 :
874 1326 926 1379 in
958 1326 1072 1396 ejus
1101 1325 1365 1379 vestibulo

146 1423 328 1479 culina
358 1438 409 1478 et
448 1422 697 1478 coenatio
742 1421 864 1490 fuit,
908 1421 1111 1475 mensis
1158 1420 1365 1475 circum

147 1520 414 1574 instructa
443 1518 712 1592 angilstiS‚
739 1517 938 1589 quibus
966 1517 1035 1571 ab
1065 1535 1175 1570 uno
1202 1517 1366 1572 latere

148 1614 530 1670 discumbitur.
568 1615 630 1668 In
670 1632 798 1668 area
840 1613 1078 1685 spatiosa
1117 1612 1366 1666 cubicula

147 1711 464 1765 visebantur
497 1710 695 1779 multa,
724 1710 882 1764 certis
909 1708 1205 1762 intervallis
1232 1708 1367 1761 inter

147 1827 203 1862 se
227 1807 521 1878 disjuncta,
541 1820 780 1861 ceterum
798 1806 1016 1859 fumosa
1034 1823 1096 1858 ac
1117 1803 1360 1857 sordida.

152 1903 358 1959 Nullus
383 1902 455 1957 ibi
480 1903 669 1970 lecum,
693 1902 841 1954 nulla
861 1900 1071 1967 tabula,
1096 1913 1191 1954 aut
1213 1898 1367 1952 sedes

147 2015 360 2073 praeter
395 2018 509 2068 eaS,
539 2016 680 2071 quae
714 1999 920 2052 circum
957 1998 1362 2069 hypocaustum

149 2095 339 2168 parieti
376 2109 502 2149 sunt
533 2094 749 2162 affixae,
785 2093 985 2165 quibus
1026 2110 1126 2164 pro
1165 2090 1369 2144 tabulis

150 2191 407 2261 lectisque
447 2188 855 2244 cubicularibus
896 2201 1143 2240 utuntur.
1182 2187 1244 2239 In
1286 2186 1368 2239 his

150 2285 427 2340 coenobiis
464 2303 700 2357 magnus
735 2282 1134 2337 monachorum
1172 2299 1366 2334 nume-

153 2399 245 2435 rus
278 2395 378 2450 est,
397 2380 523 2434 alibi
551 2393 794 2449 centum,
822 2378 948 2432 aiibi
981 2377 1365 2443 ducentorum,
