1738 2867
808 211 1073 259 ..42-

333 388 432 441 fica
483 385 628 439 dona
679 383 907 455 pellium
956 397 1007 437 et
1050 381 1313 454 pecuniae
1362 382 1544 451 dedit,

332 500 472 554 quae
507 497 632 534 cum
674 479 741 532 P.
785 477 1141 546 Possevinus7
1172 495 1271 548 pro
1320 477 1549 531 instituti

333 575 504 630 nostri
543 573 773 641 ratione,
806 572 1048 643 accipere
1081 572 1270 639 nollet,
1303 572 1550 626 monitus

339 686 418 725 est
452 689 517 723 ne
544 669 598 722 id
642 668 841 722 faceret
885 688 895 722 :
942 669 1174 735 Ducem,
1202 685 1301 720 sua
1329 666 1371 719 si
1406 667 1552 720 dona

339 778 689 835 respuantur,
718 763 995 817 contemni
1033 781 1088 815 se
1128 761 1461 831 existimare,
1493 780 1554 816 ac

339 855 749 912 beneficentiam
795 854 850 908 in
893 854 1272 908 crudelitatem
1322 871 1550 910 vertere.

343 954 423 1005 Ea
457 969 584 1005 vero
617 967 848 1003 munera
889 949 954 1003 P.
988 948 1322 1003 Possevinus
1356 949 1407 1003 in
1440 950 1553 1004 Po-

343 1049 521 1113 lonos⁷
546 1046 878 1115 Moscosque
910 1044 1155 1115 captivos
1202 1045 1554 1100 redimendos

342 1140 630 1213 impendit,
691 1139 743 1192 id
796 1139 947 1193 Duce
989 1157 1324 1213 magnopere
1384 1141 1560 1214 suspi-

344 1237 515 1290 ciente
558 1253 621 1289 ac
668 1234 958 1306 probante.
999 1234 1364 1307 Quamquam
1412 1237 1558 1291 bona

346 1332 485 1386 illico
507 1330 773 1403 pecuniae
802 1349 927 1403 pars
955 1331 1561 1404 Pristavis,ceterisque

349 1428 558 1497 aulicis⁷
587 1430 677 1501 qui
708 1430 957 1499 aderant,
986 1431 1153 1485 divisa
1186 1445 1264 1485 est
1287 1450 1302 1499 3
1328 1430 1404 1499 id,
1432 1448 1561 1502 gen-

347 1524 413 1577 tis
440 1542 609 1593 more,
645 1525 869 1581 vocibus
895 1526 1379 1598 importunissimis
1411 1525 1561 1580 effla-

349 1619 668 1691 gitantibus,
704 1622 997 1692 Postridie,
1024 1623 1117 1694 qui
1144 1624 1257 1678 dies
1284 1621 1341 1678 S.
1368 1621 1562 1676 Crucis

350 1715 659 1770 exaltationi
709 1732 825 1772 erat
877 1737 1051 1788 sacer,
1089 1719 1156 1774 P.
1210 1720 1566 1787 possevinus,

350 1825 568 1864 centum
607 1811 814 1866 circiter
850 1829 1282 1886 purpuratorum
1322 1814 1570 1887 equitum

353 1906 633 1975 comitatu,
679 1906 906 1963 Starisia
961 1910 1303 1965 Plescoviam
1352 1929 1569 1977 versus,

352 2020 522 2072 quam
548 2020 578 2055 a
599 2003 747 2077 Rege
768 2005 1032 2059 Poloniae
1055 2004 1291 2059 obsideri
1316 2004 1449 2071 dixi,
1476 2004 1573 2058 iter

353 2098 661 2152 intendunt.
687 2100 778 2154 Ad
802 2101 980 2155 lacum
1005 2102 1299 2156 Ilmenium
1328 2098 1395 2168 53,
1417 2100 1574 2171 quin—

354 2193 529 2247 decim
584 2194 754 2249 ferme
804 2197 1019 2250 dierum
1068 2198 1279 2267 itinere⁷
1324 2217 1419 2271 per
1469 2198 1573 2252 im-

356 2308 544 2343 mensa
563 2309 889 2363 camporum
910 2311 1149 2365 aequora
1166 2294 1439 2366 silvasque
1457 2312 1574 2366 per-

357 2398 640 2438 venerunt.
671 2387 821 2441 Lacu
862 2388 1093 2442 limenio
1134 2389 1281 2444 horis
1319 2403 1443 2443 octo
1480 2407 1574 2442 su-
