1738 2867
135 426 446 495 adscendit,
473 425 691 480 frenum
721 426 846 479 Dux
874 437 1042 492 tenet,
1071 439 1165 480 aut
1188 426 1230 479 si
1265 425 1362 480 ab·

136 522 203 576 sit
254 522 322 591 is,
380 522 546 591 filius,
601 518 906 575 Senatorve
962 520 1354 576 nobilissimus.

145 618 251 672 His
285 618 510 672 obviam
538 616 843 689 procedunt
868 616 1021 670 multi
1056 636 1183 671 cum
1213 618 1359 672 vehi-

138 713 296 784 culis,
338 714 392 767 in
435 710 636 784 quibus
686 723 815 764 sunt
853 711 1006 782 pueri
1038 713 1354 782 psallenteS,

137 807 258 879 ipsa
285 820 474 861 autem
507 806 757 861 vehicula
799 805 1091 860 arboribus
1130 822 1351 876 ornant,

137 903 284 957 unde
310 921 482 975 poma
501 901 753 956 omniurn
779 920 1063 974 generum,
1087 921 1228 974 quae
1254 903 1356 957 fert

136 1000 263 1054 anni
314 1014 554 1071 tempuS,
624 998 998 1070 suspendunt,
1049 1011 1209 1070 atque
1254 999 1357 1053 hoc

133 1096 350 1164 ordine,
403 1095 613 1168 populo
664 1095 921 1149 universo
969 1109 1357 1167 prosequente,

134 1192 203 1246 ad
232 1192 520 1246 ecclesiam
554 1210 760 1264 pompa
795 1192 1106 1259 deducitur,
1147 1191 1198 1243 in
1247 1208 1357 1262 qua

133 1287 507 1342 celebritatem
532 1301 821 1360 peragunt.
848 1288 970 1342 Dux
993 1302 1177 1342 autem
1206 1287 1278 1342 ob
1301 1287 1354 1341 id

133 1383 486 1455 obsequium,
528 1385 678 1456 quod
717 1384 1149 1456 Metropolitano
1194 1402 1353 1456 prae-

136 1495 263 1549 stat,
300 1495 521 1535 centum
549 1481 902 1549 rublonibuS,
936 1480 990 1533 id
1017 1494 1095 1534 est
1131 1479 1354 1534 scutatis

136 1576 347 1630 circiter
387 1577 657 1646 ducentiS,
716 1577 787 1631 ab
848 1577 1043 1631 eodem
1095 1576 1354 1645 donatur,

136 1673 246 1726 sive
269 1673 506 1727 adfuerit
532 1673 668 1746 ipse,
693 1673 805 1726 sive
832 1672 1099 1726 vicarium
1125 1671 1354 1725 dederit.

135 1769 346 1822 Verum
386 1768 452 1821 de
504 1768 588 1822 his
646 1769 933 1823 hactenus,
981 1768 1160 1821 Multa
1212 1765 1358 1819 enim

136 1864 242 1918 alia
262 1880 581 1919 sanctorum
606 1864 741 1918 festa
764 1865 846 1919 vel
872 1864 925 1918 in
954 1864 1090 1917 alios
1118 1880 1357 1929 meuseS,

135 1960 359 2032 diesque
398 1961 705 2030 incurrunt,
749 1961 832 2014 vel
871 1960 979 2014 alio
1019 1959 1124 2013 ritu
1175 1977 1358 2012 caere-

134 2058 433 2128 moniaque
461 2058 611 2129 apud
632 2058 753 2110 illos
774 2057 1118 2110 celebrantur
1136 2070 1185 2107 et
1208 2055 1357 2126 apud

134 2173 253 2207 nos.
286 2155 462 2208 Porro
499 2154 693 2208 diebus
727 2153 878 2206 festis
920 2152 1100 2206 Mosei
1129 2170 1159 2205 a
1189 2168 1356 2222 nego-

132 2249 238 2312 tiis,
275 2250 634 2322 corporisque
684 2249 972 2304 laboribus
1014 2266 1124 2301 nori
1156 2246 1358 2300 serian-

135 2359 223 2400 tut·
254 2366 264 2400 :
296 2359 498 2418 putarit
526 2346 673 2399 enim
703 2345 765 2398 iis
792 2363 900 2398 non
930 2362 1092 2416 opus,
1121 2341 1214 2394 sed
1242 2358 1357 2412 pec—

136 2456 257 2495 cata
295 2441 572 2509 interdici,
610 2455 834 2495 externo
877 2454 1062 2492 autem
1104 2437 1252 2490 cultu
1299 2452 1361 2487 ac
