1738 2867
626 234 692 243 .-
730 209 790 255 65
834 235 897 242 -.

151 413 269 453 tum
287 396 633 452 calefaciunt.
654 395 868 449 Domus
885 395 1091 468 ligneae
1111 411 1259 465 sunt,
1274 396 1375 450 ele-

152 494 354 569 gantia,
382 507 648 548 ornatuve
676 490 1001 545 aulaeorum
1029 491 1211 560 nullo·7
1242 492 1375 545 nudi

154 589 384 663 parietes
407 589 584 656 fumO,
600 605 662 641 ac
683 585 904 659 fuligine
931 585 1179 641 horrent:
1201 605 1376 658 neque

155 685 299 741 enim
331 700 387 739 ut
417 683 565 757 apud
593 701 724 751 nOS,
758 682 833 736 sic
874 683 1023 755 apud
1065 684 1290 737 Moscos
1327 698 1377 738 et

159 780 494 849 Lamianos,
520 777 720 833 camini
754 777 962 833 exitum
1004 778 1230 848 habent,
1268 798 1377 851 quo

156 878 320 933 simul
347 896 477 933 cum
509 877 632 950 igne
664 875 850 930 fumus
876 875 1197 930 innocenter
1229 890 1379 930 extra

156 989 360 1028 tectum
387 973 684 1042 educatur,
714 972 808 1026 sed
841 989 968 1026 eum
1005 970 1175 1043 portis
1200 989 1263 1024 ac
1299 970 1378 1024 fe-

159 1068 433 1123 nestribus
490 1067 805 1141 patentibus
862 1066 1146 1137 emittunt,
1199 1069 1381 1141 itaque

157 1182 286 1219 cum
345 1164 628 1218 fornacem
678 1162 1042 1232 succendunt,
1088 1177 1272 1218 tantus
1325 1165 1379 1218 in

156 1258 399 1313 tricliniis
439 1258 628 1313 fumus
667 1258 726 1312 fit
776 1259 926 1329 (nam
961 1257 1144 1330 ignem
1176 1257 1285 1312 fere
1317 1277 1380 1313 ex

156 1354 317 1427 lignis
358 1354 623 1409 viridibus
656 1368 822 1427 atque
865 1354 1110 1409 humidis
1153 1355 1376 1427 faciunt)

161 1463 222 1503 ut
271 1448 423 1503 nullo
469 1449 640 1504 modo
686 1449 741 1503 in
788 1449 851 1503 iis
901 1450 1138 1505 habitari
1188 1452 1377 1524 possit.

161 1543 513 1599 Medicorum
582 1558 677 1599 aut
748 1545 1184 1618 pharmacorum
1252 1568 1382 1603 usus

161 1641 310 1713 apud
337 1660 430 1696 eos
458 1642 641 1696 nullus
663 1641 927 1697 omnino:
952 1661 1096 1696 unus
1126 1642 1249 1698 Dux
1275 1663 1385 1699 rne-

163 1736 315 1792 dicos
348 1737 513 1793 habet
561 1737 710 1810 apud
756 1756 812 1793 se
857 1738 1018 1809 duos,‚
1062 1758 1234 1794 unum
1270 1741 1383 1795 Ita-

164 1835 303 1904 lum,
335 1834 562 1908 Belgam
600 1836 853 1891 alterum.
895 1836 980 1890 Ita
1014 1855 1142 1891 vero
1168 1838 1384 1911 magni-

163 1930 260 1985 fice
309 1931 376 1985 de
425 1950 481 1986 se
539 1931 805 2002 sentiunt,
863 1946 919 1987 ut
986 1951 1181 1988 omnes
1251 1934 1385 1988 alias

164 2026 413 2082 nationes
464 2046 596 2100 prae
643 2047 700 2082 se
765 2043 1159 2098 contemnant,
1210 2048 1386 2102 neque

164 2122 243 2175 vel
297 2122 601 2195 regionem,
659 2124 744 2178 vel
816 2123 1031 2178 vivendi
1110 2125 1386 2180 rationem

163 2239 264 2275 sua
305 2220 610 2277 beatiorem
642 2223 813 2277 aliam
838 2237 1053 2295 putent.
1094 2223 1264 2277 Hunc
1292 2241 1386 2276 au-

163 2333 276 2375 tem
337 2320 509 2376 animi
565 2322 772 2376 fastum
815 2322 1099 2377 declarant
1145 2321 1386 2376 maxime

162 2414 417 2486 pretiosis
495 2416 773 2487 vestibUS‚
843 2434 978 2471 auro
1050 2428 1386 2488 argentoque
