1738 2867
514 214 747 293 ’””-”6ι
800 215 861 282 ζ
914 216 920 218 ”
987 217 990 218 ’

107 437 306 505 censis,
339 435 718 490 cubiculorum
765 435 907 490 fores
943 454 1071 490 cum
1115 437 1326 492 bacillis

107 531 397 586 custodire.
443 531 633 585 Infelix
682 531 913 585 omnino
953 532 1121 604 regio,
1167 549 1330 605 atque

109 626 307 697 injuria
332 626 554 700 rigentis
575 626 787 695 sideriS‚
807 627 992 680 multis
1022 627 1074 680 in
1105 628 1234 682 locis
1259 629 1329 683 ab

110 721 510 776 habitatoribus
554 722 769 775 deserta
810 736 862 775 et
900 722 1108 776 inculta
1146 744 1155 777 :
1207 724 1328 778 ideo

109 833 294 871 vastae
317 818 747 890 circumquaque
770 817 1091 872 solitudines
1117 834 1327 890 patent,

110 912 387 984 silvaeque
426 912 639 967 intactis
686 931 823 966 aevo
870 912 1168 966 arboribus
1209 914 1331 967 hor-

110 1022 308 1062 rentes,
359 1007 679 1062 Viatoribus
720 1021 907 1061 autem
954 1007 1196 1061 maxime
1244 1008 1327 1061 in-

110 1103 268 1172 festa,
301 1121 426 1158 cum
471 1103 523 1157 in
565 1117 718 1157 tanta
752 1101 1122 1157 immensitate
1158 1117 1328 1157 terra-

108 1217 233 1253 rum
286 1200 432 1254 nulla
461 1200 778 1255 diversoria
824 1198 1202 1271 reperiantur·7
1236 1197 1330 1252 ubi

108 1293 223 1348 dies
263 1294 537 1365 defecerit,
566 1295 637 1350 ibi
673 1294 1117 1368 pernoctandum
1153 1292 1326 1357 nudo,

110 1405 272 1464 atque
321 1392 528 1447 inculto
568 1392 722 1461 solo3
757 1391 909 1447 cibus
953 1390 1250 1462 unicuique
1287 1390 1331 1444 is

109 1501 209 1557 est,
248 1507 414 1560 quem
450 1489 696 1543 videlicet
731 1488 966 1560 quisque
1000 1505 1187 1541 secum
1231 1485 1329 1540 ad-

112 1584 332 1638 vexerit.
365 1583 548 1639 Urbes
576 1584 713 1638 raris
739 1584 870 1638 locis
892 1584 1164 1650 visuntur,
1186 1580 1332 1634 inco-

113 1679 176 1732 lis
229 1680 623 1751 infrequenteS‚
681 1698 708 1734 e
753 1680 903 1752 ligno
962 1691 1327 1738 constructae,

112 1775 250 1830 inter
282 1776 381 1830 has
425 1775 770 1830 nobilissima
809 1776 1005 1829 Mosca
1040 1792 1133 1828 seu
1175 1775 1330 1828 Mos-

111 1870 287 1938 covia‚
311 1869 464 1925 sedes
494 1872 735 1943 Regum,
764 1889 905 1943 quae
934 1870 1164 1942 regioni,
1198 1889 1329 1944 gen-

111 1965 260 2036 tique
289 1964 576 2019 universae
602 1983 805 2019 nomen
833 1965 1028 2020 indidit
1047 1985 1061 2034 ς
1082 1965 1235 2020 abest
1260 1968 1330 2022 ab

115 2059 270 2115 Urbe
339 2059 523 2113 Roma
575 2060 742 2114 leucis
801 2060 1008 2114 circiter
1061 2060 1325 2115 millibus.

114 2156 291 2210 Porro
329 2157 572 2211 maxima
612 2175 740 2229 pars
778 2156 1014 2230 regionis
1052 2156 1328 2227 palustris,

111 2269 280 2322 quam
335 2252 527 2306 crebra
579 2251 810 2307 flumina
858 2251 1176 2307 interfluunt
1209 2273 1218 2306 :
1251 2253 1330 2306 id-

113 2346 255 2400 circo
279 2345 453 2419 magis
479 2346 679 2416 hieme,
699 2364 869 2418 quam
896 2360 1100 2401 aestate
1119 2348 1330 2418 pervia,

112 2458 238 2495 cum
260 2434 462 2514 aquae,
488 2441 785 2516 frigoribus
810 2440 1062 2511 duratae,
1093 2442 1175 2495 vel
1204 2460 1328 2496 cur-
