1738 2867
153 384 308 422 mum
358 367 533 421 Mosei
575 366 831 421 insanam
875 366 1178 423 Gentilium
1221 371 1366 424 Deo-

152 481 278 518 rum
302 463 743 536 superstitionem
772 464 937 518 secuti
965 481 1111 518 sunt.
1134 465 1366 520 Christi-

153 577 321 613 anam
340 559 656 631 religionem
682 577 711 611 a
736 557 960 613 Graecis
989 577 1366 632 susceperunt,

152 654 511 708 Voladimero
558 668 822 726 regnante
849 652 917 722 73,
972 673 1036 708 eo
1079 655 1199 726 ipso
1236 672 1369 710 tem-

154 768 309 822 pore,
342 767 453 821 quo
495 747 690 803 Graeci
733 767 762 802 a
801 748 971 802 latina
1007 750 1230 803 ecclesia
1275 769 1369 804 ne-

155 847 289 902 farie
311 848 688 917 desciveruntz,
721 863 884 919 atque
918 848 988 902 ob
1016 849 1156 902 lianc
1193 849 1369 920 ipsam

155 961 407 998 caussam
448 943 768 998 patriarcha
808 944 1374 1016 Constantinopolita-

158 1057 260 1093 nus
304 1057 335 1093 a
383 1039 703 1094 Moscoviae
752 1040 903 1094 Duce
934 1041 1231 1111 quotannis
1273 1059 1371 1093 au-

158 1136 262 1191 reis
309 1137 622 1209 quingentis
681 1136 942 1206 donatur,
1007 1137 1147 1209 grati
1203 1137 1374 1191 animi

159 1251 307 1305 ergo.
345 1231 478 1303 Quo
515 1232 725 1287 factum
774 1247 876 1300 est,
916 1248 975 1286 ut
1023 1251 1150 1287 cum
1175 1233 1376 1289 Christi

158 1329 263 1383 fide
311 1327 652 1383 Graecorum
695 1328 860 1383 etiam
899 1347 1107 1384 errores
1150 1330 1377 1384 imbibe-

159 1426 285 1495 rint,
326 1426 705 1498 plurimosque
759 1445 953 1481 eorum
1007 1427 1143 1481 ritus
1197 1427 1376 1481 adhuc

146 1537 400 1589 teneant.
440 1521 708 1595 Spiritum
754 1524 900 1577 enim
942 1538 1220 1593 sanctum,
1269 1538 1376 1577 ter-

160 1619 296 1673 tiam
336 1619 556 1673 divinae
610 1619 902 1673 Trinitatis
947 1638 1264 1692 personam,
1311 1619 1379 1674 ab

160 1733 272 1769 uno
320 1715 486 1769 Patre
534 1715 828 1786 procedere
890 1715 1054 1788 impie
1112 1717 1374 1784 credunt3

166 1810 482 1882 Filiumque
513 1811 582 1864 ad
624 1812 896 1881 dextram,
932 1810 1195 1884 Spiritum
1226 1829 1380 1865 sanc-

159 1920 277 1960 tum
324 1905 395 1959 ad
448 1907 627 1960 Patris
665 1908 879 1962 laevam
922 1908 1205 1961 considere
1267 1927 1277 1961 :
1327 1907 1379 1960 id

162 2005 313 2076 quod
351 2007 539 2074 etiam,
577 2006 715 2060 dum
752 2026 867 2062 sese
906 2007 1080 2061 crucis
1124 2006 1380 2060 muniunt

163 2101 340 2174 signo,
399 2101 578 2156 Mosei
634 2102 988 2174 exprimunt,
1035 2105 1127 2174 qui
1188 2102 1381 2155 dextra

164 2198 404 2253 frontem
449 2200 847 2273 contingentes7
894 2201 956 2254 In
1002 2199 1221 2253 nomine
1270 2199 1378 2251 Pa-

165 2296 283 2365 triS‚
327 2296 604 2368 inquiunt,
640 2311 759 2349 tum
787 2296 856 2349 ad
892 2297 1146 2349 dextrum
1187 2295 1380 2347 hume-

165 2408 290 2446 rum
332 2409 503 2446 manu
539 2392 732 2460 seiam,
774 2406 824 2446 et
864 2391 1008 2459 Filii,
1048 2389 1222 2459 ajunt„
1260 2386 1382 2439 inde
