1738 2867
740 162 1199 243 wlff—L

383 382 641 454 mysteria
666 396 1021 455 peraguntur.
1054 382 1201 435 Inter
1228 381 1421 451 januas
1447 382 1596 453 quod

384 492 462 530 est
494 477 675 549 spatii,
710 491 883 530 totum
914 477 965 530 id
999 477 1210 531 tabellis
1245 476 1398 548 pictis
1423 474 1597 532 Sanc-

382 587 565 626 torum
615 572 965 625 convestitur.
1015 572 1217 625 Nullae
1265 572 1318 624 in
1377 572 1598 644 templis

364 667 674 733 exhedrae,
725 668 874 720 nulla
917 685 1126 738 organa
1171 682 1347 735 suntz,
1393 685 1596 738 pueros

383 778 564 815 tamen
617 762 820 816 habent
861 761 1312 835 symphoniacos,
1355 762 1449 834 qui
1482 780 1599 816 mo-

382 857 582 910 dulatis
615 857 842 911 vocibus
885 858 1021 911 inter
1059 876 1215 911 sacra
1256 858 1596 926 concinunt,

385 952 554 1006 clerici
580 972 704 1006 vero
727 969 994 1024 perpetuo
1022 968 1248 1021 stanteS,
1277 953 1598 1007 alternanti—

383 1048 484 1102 bus
503 1047 657 1119 quasi
678 1048 875 1115 choriS,
894 1067 1077 1120 preces
1095 1049 1339 1102 recitant.
1361 1049 1600 1121 Templa

382 1143 743 1215 ingredientes
783 1143 958 1197 Mosci
1000 1162 1178 1217 genua
1216 1162 1327 1197 non
1365 1143 1600 1198 submit-

383 1253 524 1308 tunt,
577 1239 670 1292 sed
726 1254 917 1311 caput,
984 1239 1353 1310 humerosque
1415 1238 1600 1293 inflec-

385 1348 526 1402 tunt,
562 1353 726 1405 seque
767 1334 921 1406 signo
963 1334 1135 1388 crucis
1165 1334 1472 1406 frequenter
1508 1353 1600 1388 ex-

383 1429 557 1500 piant.
584 1431 751 1500 Aqua
774 1428 1060 1483 benedicta
1090 1429 1143 1483 in
1173 1430 1360 1501 templi
1387 1429 1601 1484 foribus

382 1542 493 1578 non
519 1524 862 1593 adservatur,
901 1543 1024 1579 eam
1062 1539 1247 1579 tamen
1289 1524 1455 1579 veluti
1491 1524 1599 1578 vir-

383 1619 510 1672 tutis
548 1634 799 1691 expertae
842 1620 1149 1674 remedium
1192 1620 1427 1692 aegrotis
1468 1620 1602 1674 dant

384 1715 702 1770 bibendam.
719 1717 886 1770 'Haec
909 1730 1056 1784 sunt,
1080 1717 1271 1770 Patres
1296 1716 1602 1788 fratresque

384 1810 649 1864 carissimi
677 1810 745 1879 73,
769 1830 909 1883 quae
930 1812 995 1865 de
1013 1811 1337 1865 Moscorum
1355 1811 1601 1865 moribus

385 1905 639 1959 addenda
674 1906 775 1960 hoc
810 1907 928 1960 loco
965 1906 1291 1973 existimavi,
1328 1921 1386 1961 ut
1414 1906 1599 1961 videa-

383 1993 452 2047 tis
490 2009 705 2066 praeter
753 1993 968 2049 Summi
1011 1993 1295 2048 Pontificis
1337 1994 1600 2049 obedien-

385 2089 538 2157 tiam,
580 2108 748 2161 quam
787 2108 967 2162 pauca
1014 2089 1419 2159 desiderentur,
1460 2108 1600 2162 quo-

387 2183 569 2238 minus
598 2185 630 2237 ii
657 2185 845 2257 populi
874 2184 1142 2239 Catholici
1181 2185 1320 2254 sint,
1349 2197 1513 2256 atque
1536 2204 1601 2239 eo

385 2279 594 2333 enixius
621 2299 719 2352 pro
758 2281 820 2333 iis
851 2280 1029 2334 Deum
1066 2281 1455 2353 deprecemini,
1489 2300 1601 2353 quo

387 2374 593 2444 majore
635 2375 980 2429 miseratione
1046 2375 1191 2447 digni
1243 2390 1370 2430 sunt
1417 2376 1477 2445 ii,
1529 2375 1600 2429 ad
