1738 2867
592 211 753 306 ——41
797 269 858 276 -.

114 437 262 492 enim
292 433 706 509 perhumaniter
732 430 1057 485 tractabitur
1089 451 1121 486 a
1154 433 1333 502 nobiS‚

115 551 226 588 non
252 550 433 600 secuS,
455 548 517 584 ac
535 529 576 583 si
599 543 655 583 tu
679 527 794 600 ipse
812 545 1072 599 praesens
1094 529 1331 582 adesses,

114 629 265 683 Tum
325 644 556 681 manum
601 625 856 696 deinceps
899 623 1060 691 Duci,
1110 623 1332 693 filioque

115 722 417 777 deosculati
452 721 681 775 domum
718 718 963 772 redeunt.
1008 719 1173 772 Domi
1206 720 1330 772 Dux

118 818 430 873 convivium
462 815 819 889 magnificum
842 828 892 868 et
915 815 1127 868 lautum
1155 831 1328 886 appa-

115 914 221 969 rari
255 912 486 982 jusserat
516 933 526 967 ;
555 911 607 966 in
641 929 752 983 quo
779 925 960 965 cetera
986 909 1208 981 quidem
1236 929 1326 963 su-

114 1009 395 1081 periorum
422 1007 618 1062 similia
644 1006 816 1073 fuere,
846 1005 948 1060 sub
989 1004 1154 1057 finem
1202 1022 1330 1058 vero

116 1104 396 1177 Principes
438 1103 669 1175 quidam
710 1101 809 1155 viri
850 1115 969 1154 tum
999 1099 1150 1153 varia
1190 1098 1331 1152 ciba-

111 1201 212 1270 ria,
268 1214 385 1254 tum
437 1199 548 1254 vini
605 1197 939 1270 amphoram
1000 1195 1329 1264 attulerunt,

112 1293 262 1367 quod
315 1294 368 1347 in
421 1292 485 1347 iis
534 1291 742 1364 Regnis
805 1290 1153 1344 rarissimum
1226 1303 1328 1359 est,

113 1405 276 1460 atque
302 1388 451 1461 apud
486 1405 662 1441 unum
688 1386 965 1458 Magnum
1000 1385 1211 1441 Ducem
1253 1405 1329 1440 re-

112 1484 338 1558 peritur.
375 1484 532 1538 Haec
568 1483 689 1538 ideo
714 1482 839 1536 Dux
874 1482 1045 1550 dedit,
1089 1495 1148 1535 ut
1187 1482 1329 1536 Nos-

113 1580 208 1634 tris
235 1579 288 1634 in
316 1579 505 1634 castris
540 1577 816 1632 Polonicis
854 1576 975 1631 usui
1004 1591 1203 1645 essent,
1234 1594 1331 1648 per

114 1676 250 1730 fines
281 1675 429 1729 enim
462 1673 781 1728 Moscoviae
829 1672 1139 1728 necessaria
1174 1690 1332 1725 cura-

115 1772 370 1826 bantura
396 1770 686 1838 PristaviS,
724 1787 895 1841 quarn
934 1768 1100 1822 Ducis
1142 1767 1334 1822 libera-

116 1867 322 1921 litatem
356 1866 889 1938 sollicitudinemque
927 1866 1077 1937 apud
1105 1883 1218 1934 eos,
1243 1864 1335 1936 qui

115 1964 368 2032 aderant,
408 1962 596 2016 multis
652 1961 836 2016 verbis
882 1961 947 2016 P.
1000 1960 1334 2015 possevinus

115 2058 322 2114 extulit.
361 2059 452 2112 Ad
478 2075 770 2130 vesperam
798 2057 919 2111 Dux
945 2074 1068 2110 cum
1095 2056 1333 2110 Nostros

116 2169 421 2224 evocasset,
489 2153 794 2222 Sacerdoti,
860 2170 1026 2225 quem
1089 2153 1334 2206 Romam

115 2250 389 2319 mittebat,
423 2268 658 2304 munera
705 2249 853 2303 dedit
896 2248 966 2302 ad
1006 2247 1334 2301 Pontificem

113 2346 427 2401 Maximum
467 2345 735 2419 pretiosas
779 2343 1170 2398 zebellinorum
1223 2342 1335 2414 pel-

120 2443 218 2512 les,
248 2441 478 2515 singulis
503 2460 726 2515 quoque
753 2442 1094 2496 Nostrorum
1127 2438 1337 2509 magni-
