1738 2867
332 388 363 423 a
404 379 749 422 sacrosancta
780 365 905 419 sede
941 363 1264 436 Apostolica
1293 363 1361 417 ad
1396 363 1546 436 ipsos

332 464 691 518 mitterentur.
733 460 949 514 Interea
990 459 1120 512 dum
1160 476 1245 526 ea,
1289 476 1430 529 quae
1475 458 1545 512 ad

332 556 724 630 profectionem
772 553 1062 626 pertinent,
1109 551 1345 606 Pristavi
1391 571 1544 607 com-

333 664 549 725 parant,
583 651 653 704 ad
695 669 726 702 v
786 649 918 702 Idus
953 646 1292 719 Septembris
1334 646 1479 700 venit
1515 666 1545 700 a

337 749 485 819 Rege
540 744 800 798 Poloniae
863 742 1179 798 tabellarius
1228 759 1356 795 cum
1407 742 1543 795 litte-

335 844 406 897 ris
452 841 518 907 5¹,
563 840 762 912 quibus
796 839 882 892 ille
931 837 1264 909 longissimis
1301 836 1386 905 iis,
1409 854 1547 908 quas

336 937 404 992 ad
433 935 704 990 Polotiam
730 934 970 988 redditas
996 933 1127 1003 dixi,
1155 930 1543 1004 respondebat.

338 1033 567 1085 Postero
601 1030 685 1084 die
731 1030 855 1084 Dux
884 1030 1123 1084 Nostros
1164 1028 1234 1082 ad
1274 1045 1329 1081 se
1366 1025 1548 1080 venire

337 1126 513 1198 jussit7
541 1144 602 1180 ac
623 1126 707 1179 vix
742 1125 794 1179 in
822 1125 936 1196 ejus
958 1138 1313 1196 conspectum
1341 1123 1548 1195 ingres-

338 1224 429 1292 sis7
458 1221 748 1277 Senatores
779 1224 843 1276 P.
879 1221 1247 1276 possevinum
1273 1221 1343 1275 ad
1369 1219 1550 1272 consi-

340 1317 393 1372 lii
436 1319 617 1371 locum
663 1317 877 1371 silentio
921 1317 1198 1371 deducunt
1235 1317 1553 1388 litterasque

343 1412 603 1467 Poloniae
641 1412 807 1485 Regis
850 1412 1146 1467 ostendunt
1199 1412 1314 1485 (eae
1369 1414 1551 1468 ruthe-

339 1510 491 1576 nice‚
549 1508 795 1580 polonice
863 1522 913 1562 et
988 1507 1152 1562 latine
1214 1508 1553 1581 conscriptae

340 1604 875 1673 erant7vehementes
894 1623 1023 1658 sane
1050 1604 1174 1658 etin
1199 1604 1379 1677 ipsum
1396 1606 1555 1660 Prin-

342 1702 516 1774 cipem
568 1702 1170 1771 contumeliosissimae)
1224 1720 1450 1773 remque
1497 1717 1557 1757 ut

342 1811 600 1865 maturet,
643 1811 857 1869 rogant.
892 1798 972 1851 De
1006 1796 1290 1851 Pontificis
1323 1797 1555 1852 Maximi

343 1890 628 1962 postulatis
650 1891 855 1945 mentio
878 1891 1073 1962 injecta
1095 1907 1197 1961 est,
1214 1891 1357 1945 etad
1381 1909 1558 1947 cetera

343 1985 565 2056 quidem
609 2004 934 2058 responsum
978 1987 1161 2055 datur,
1200 2005 1376 2041 unum
1421 1987 1555 2041 illud

344 2079 616 2151 religionis
643 2094 806 2152 caput
834 2081 999 2135 etiam
1026 2100 1173 2136 nunc
1195 2084 1558 2157 supprimitur

348 2188 509 2245 atque
550 2174 601 2227 in
639 2175 702 2229 P.
751 2176 1035 2230 Possevini
1070 2177 1305 2232 reditum
1348 2179 1554 2252 proclu-

349 2269 501 2322 citur.
539 2269 707 2339 Quod
740 2271 908 2339 dedit,
935 2288 1292 2344 acceperunt3
1337 2275 1554 2329 omnia-

350 2381 455 2432 que
487 2364 667 2417 statim
686 2365 855 2436 gentis
877 2384 1029 2421 more
1059 2367 1109 2420 in
1136 2368 1351 2423 tabulas
1375 2369 1525 2442 publi
