1738 2867
803 226 830 273 7

206 414 345 468 quae
371 396 575 450 litterae
601 397 723 451 ideo
751 398 934 452 minus
960 399 1291 454 necessariae
1316 401 1426 454 fue-

208 506 357 559 runt,
413 493 561 563 quod
622 493 847 548 Moscus
907 495 1086 566 Praga
1148 496 1428 550 Lubecam

208 589 550 658 discesserat,
575 590 700 644 inde
725 589 864 643 mari
903 589 1148 643 Baltbico
1175 590 1229 644 in
1262 590 1427 644 Livo-

211 684 359 737 niam
407 686 847 738 transmissurus,
901 683 1231 738 Vratislavia
1268 686 1429 757 igitur

210 780 541 834 Varsaviam
567 799 755 833 versus
795 797 1019 833 cursum
1058 779 1427 849 intenderunt,

209 875 392 947 ibique
419 875 632 947 Regina
659 875 924 928 Poloniae
957 877 1188 931 salutata
1218 889 1283 945 ¹9,
1309 878 1429 931 Vil-

210 988 341 1024 nam
366 972 589 1024 tandem
617 970 687 1023 ad
711 988 840 1023 xvnt
879 970 1002 1024 Kal.
1039 971 1212 1026 Julias
1238 991 1429 1044 perve-

209 1081 424 1120 nerunt.
484 1066 601 1119 Rex
649 1079 763 1118 erat
808 1084 873 1119 eo
922 1081 1168 1138 tempore
1212 1081 1331 1121 tum
1377 1068 1428 1120 in

210 1162 336 1215 belli
373 1161 632 1231 consiliis,
668 1176 787 1215 tum
829 1161 883 1214 in
912 1160 1291 1234 Christophori
1321 1162 1431 1216 fra-

209 1257 327 1326 triS‚
366 1255 784 1310 Transiivaniae
829 1255 1112 1328 principiS,
1154 1258 1303 1312 luctu
1342 1275 1434 1311 oc-

212 1368 465 1425 cupatus⁷
529 1352 614 1406 cui
672 1351 918 1422 sequenti
982 1351 1067 1405 die
1128 1352 1269 1423 justa
1332 1352 1434 1408 ritu

212 1448 444 1502 solemni
472 1448 645 1502 facere
682 1446 975 1518 cogitabat.
1018 1449 1160 1502 Eum
1198 1449 1262 1502 Ρ.
1304 1449 1437 1502 Pos-

213 1542 433 1597 sevinus
459 1542 626 1596 altero
663 1559 787 1615 post
822 1542 906 1596 die
941 1543 1216 1612 convenit⁷
1263 1545 1436 1616 deque

216 1653 466 1710 suscepta
521 1638 855 1710 profectione
905 1638 1176 1693 subtiliter
1226 1639 1432 1694 docuit.

220 1736 296 1804 Is,
339 1734 458 1788 licet
494 1748 673 1789 totum
706 1735 805 1790 sibi
840 1736 906 1789 de
952 1755 1086 1808 pace
1122 1737 1435 1806 consilium,

217 1850 389 1903 eaque
416 1831 614 1903 legatio
650 1831 829 1886 inanis
862 1831 1157 1901 videretur,
1186 1848 1438 1906 propter-

217 1947 280 1981 ea
320 1928 471 1999 quod
510 1928 767 1983 Moscum
810 1929 961 1983 brevi
1002 1929 1269 1984 Livoniae
1311 1949 1440 2002 pos-

216 2023 453 2077 sessione
506 2041 790 2077 cessurum
843 2022 1066 2092 diceret,
1120 2039 1285 2096 atque
1351 2025 1440 2078 illa

219 2120 405 2174 omnia
432 2120 502 2174 ab
532 2120 683 2174 hoste
711 2120 946 2191 cogitata
974 2138 1112 2187 esse,
1151 2133 1208 2172 ut
1249 2138 1310 2172 ea
1352 2138 1440 2173 ra-

218 2216 364 2271 tione
419 2217 680 2271 idoneum
729 2216 855 2270 belli
894 2230 1112 2287 tempus
1163 2215 1441 2283 eximeret,

220 2328 406 2367 tamen
462 2314 517 2367 in
565 2314 846 2368 Pontificis
893 2312 1124 2367 Maximi
1179 2324 1443 2383 potestate

221 2408 470 2464 futurum
494 2428 548 2464 se
571 2410 951 2478 confirmavit·7
981 2426 1090 2481 quo
1118 2422 1301 2462 autem
1329 2406 1442 2477 ple-
