1738 2867
860 269 911 275 —
953 240 1015 289 36
1056 209 1136 273 ἕ
1262 209 1283 210 f*

375 433 513 487 tium
557 429 646 498 43,
715 427 924 493 consilii
991 425 1332 494 praesidem,
1378 425 1472 498 qui
1523 425 1588 479 P.

378 525 744 581 possevinum
793 542 894 576 suo
938 521 1160 576 nomine
1206 534 1483 593 rogarent,
1535 535 1595 576 ut

375 641 486 676 non
510 620 678 674 modo
705 632 762 673 ut
802 617 1054 672 Nuncius
1083 615 1458 686 Apostolicus,
1500 615 1595 670 sed

374 717 538 771 etiam
589 730 645 769 ut
694 712 1034 768 consiliarius
1082 725 1130 764 et
1172 725 1391 764 senator
1438 729 1597 765 suam

375 813 573 867 diceret
620 808 976 874 sententiam,
1028 824 1197 878 quam
1244 820 1432 877 postea
1479 826 1599 861 sen-

372 907 601 962 tentiam
640 906 709 959 ab
750 905 870 976 ipso
912 920 1116 974 magno
1157 901 1309 956 Duce
1344 920 1596 957 summo-

370 1020 494 1073 pere
549 1000 841 1073 probatam
905 996 1190 1069 cognitum
1233 1010 1330 1049 est.
1386 994 1468 1048 Ea
1512 1013 1597 1048 res

370 1115 496 1151 cum
523 1096 762 1167 reliquae
796 1091 1155 1160 multitudini,
1183 1105 1303 1145 tum
1334 1090 1597 1145 Pristavis

372 1209 422 1250 et
447 1192 770 1249 consiliariis
796 1192 1073 1265 ingentem
1113 1187 1321 1261 peperit
1361 1187 1599 1242 adrnira-

373 1290 601 1357 tionem,
628 1288 948 1361 praesertim
972 1305 1100 1341 vero
1132 1285 1283 1358 quod
1320 1285 1444 1338 Dux
1472 1302 1594 1338 om-

372 1404 468 1440 nes
528 1384 777 1457 publicas
832 1383 1051 1438 tabulas
1119 1395 1172 1436 et
1233 1393 1596 1434 monumenta

373 1479 582 1534 miserit
607 1479 675 1533 ad
704 1481 768 1533 P.
802 1478 1192 1547 possevinum,
1222 1491 1278 1531 ut
1308 1494 1596 1549 tamquam

372 1576 415 1629 si
457 1593 646 1629 servus
687 1588 848 1643 esset,
893 1574 967 1628 sic
1006 1574 1279 1627 factorum
1325 1573 1595 1627 rationem

373 1671 597 1725 reddere
644 1670 933 1725 videretur.
998 1671 1082 1723 Ac
1147 1683 1323 1724 cetera
1370 1669 1595 1741 quidem

372 1765 519 1819 haud
562 1783 721 1839 aegre
765 1765 1055 1838 impetrata
1093 1778 1243 1833 sunt,
1294 1764 1428 1818 illud
1467 1782 1593 1818 vero

371 1861 437 1914 de
471 1858 1020 1932 religioneimpetrari
1046 1878 1155 1912 non
1177 1861 1375 1932 potuit,
1402 1860 1594 1915 vetuit-

371 1974 477 2027 que
516 1973 709 2009 eorum
742 1955 1051 2027 quidpiam,
1093 1974 1235 2026 quae
1274 1957 1345 2010 ad
1385 1956 1592 2029 religio-

373 2068 498 2104 nem
524 2064 852 2122 spectarent,
890 2049 1211 2122 interpretes
1245 2068 1587 2122 convertere,

374 2163 593 2199 summa
621 2160 806 2199 tamen
837 2145 901 2198 P.
937 2145 1220 2202 Possevini
1246 2148 1590 2203 contentione

373 2242 671 2314 perfectum
717 2256 816 2308 est,
851 2254 909 2295 ut
949 2260 1034 2295 res
1075 2241 1284 2313 integra
1322 2241 1377 2294 in
1425 2258 1588 2295 suum

372 2336 609 2391 reditum
660 2355 962 2409 pacemque
1006 2338 1312 2393 confectam
1352 2356 1589 2392 reserva-

375 2446 539 2486 retur.
571 2431 717 2485 Cum
753 2433 898 2486 enim
935 2432 1220 2488 Piescovia
1255 2434 1417 2506 (quae
1457 2432 1589 2487 urbs
