1738 2867
574 254 840 302 „79-

94 442 340 497 unquam
400 426 639 495 flectunt)
697 425 948 481 cominus
1017 427 1183 482 etiam
1250 448 1311 483 ex

96 525 247 595 equis
272 521 538 578 adorandi
558 539 752 576 caussa
780 521 1134 575 descendunt.
1173 522 1312 576 Illud

97 636 225 672 vero
263 618 500 672 maxime
527 617 702 689 gentis
734 616 995 688 pietatem
1023 635 1311 670 commen-

98 712 211 780 dat,
238 713 389 784 quod
415 712 674 766 omnibus
698 711 862 765 rebus
891 711 1116 783 agendis
1139 712 1313 765 crucis

96 809 312 881 signum
337 808 712 881 praemittunt.
739 806 1206 860 Animadversum
1236 823 1315 862 est

98 922 128 956 a
152 903 392 972 NostriS‚
409 903 542 957 dum
563 900 820 958 Starisiae
840 917 1208 971 versarentur,
1230 902 1312 955 fa-

98 997 227 1052 bros
254 998 551 1066 murariOS‚
577 999 669 1070 qui
692 1017 873 1054 arcem
901 997 1312 1066 construebant,

97 1110 206 1146 non
234 1106 360 1147 ante
381 1112 582 1148 manus
609 1095 760 1167 operi
783 1095 1081 1150 admovere
1103 1093 1315 1159 solitos7

97 1206 267 1260 quam
318 1207 434 1243 sese
476 1190 545 1243 ad
589 1207 788 1244 omnes
827 1209 1038 1258 cruces7
1076 1208 1218 1261 quae
1261 1188 1315 1241 in

94 1285 427 1357 templorum
482 1285 712 1359 fastigiis
779 1287 1105 1341 constitutae
1167 1298 1314 1351 sunt,

96 1381 512 1449 convertissent,
550 1381 724 1454 iisque
760 1382 971 1437 cultum
1009 1380 1315 1454 legitimum

96 1477 488 1532 exhibuissent.
518 1478 766 1532 Domum
792 1477 1154 1551 ingredientes
1188 1496 1314 1532 cru-

96 1591 238 1639 cem,
286 1574 397 1628 sive
450 1593 665 1629 sacram
713 1576 959 1647 aliquam
1018 1573 1314 1646 imaginem

100 1673 254 1741 (quas
291 1670 345 1724 in
384 1670 644 1725 omnibus
688 1671 999 1739 domiciliis,
1046 1671 1165 1724 loco
1216 1670 1315 1723 ho-

99 1765 412 1819 nestissimo
466 1767 733 1820 collocare
785 1766 1028 1820 solemne
1078 1766 1177 1836 est)
1222 1765 1319 1819 rite

98 1875 427 1915 venerantur
478 1861 724 1933 primum
747 1904 762 1930 .,
830 1861 1025 1915 deinde
1081 1860 1319 1931 reliquos

97 1957 355 2011 salutant.
387 1956 557 2027 Quod
584 1958 628 2011 si
670 1958 804 2012 forte
836 1976 964 2011 crux
1000 1971 1094 2010 aut
1131 1957 1316 2028 imago

97 2053 244 2106 nulla
270 2053 356 2120 sit,
384 2052 453 2106 ab
494 2052 647 2107 omni
690 2053 838 2106 cultu
874 2069 935 2104 ac
961 2051 1310 2105 veneratione

99 2147 398 2215 abstinent,
423 2165 488 2201 ne
513 2147 705 2219 parieti
736 2148 1003 2201 honorem
1047 2145 1198 2199 illum
1228 2145 1320 2198 tri-

97 2244 262 2298 buere
295 2243 603 2298 videantur.
638 2244 852 2299 Accidit
881 2261 1043 2314 saepe
1073 2255 1151 2308 ut,
1192 2257 1316 2293 cum

101 2339 295 2395 Nostri
324 2339 627 2394 accubituri
660 2357 912 2394 mensam
944 2339 1005 2392 :le
1039 2354 1189 2390 more
1232 2335 1320 2388 be-

99 2434 431 2506 nedicerent,
462 2435 699 2490 Pristavi
742 2436 812 2489 ad
856 2435 1141 2501 fenestraS‚
1176 2430 1317 2484 unde
