1738 2867
562 252 824 314 -57-

80 440 308 496 aedibus
349 441 674 495 attributum
715 454 812 495 est.
853 440 981 495 Jam
1024 441 1303 495 paschalis

79 536 194 590 dies
222 535 544 590 Dominicus
579 535 790 604 aderat,
835 553 962 589 eum
1002 536 1068 589 P.
1112 537 1304 592 Posse-

77 632 238 686 vinus
279 632 514 687 excitata
557 633 611 686 in
649 631 781 704 ipsis
818 631 1046 685 aedibus
1088 651 1181 687 ara
1216 652 1304 688 ce-

75 727 326 793 lebravit,
382 728 500 800 ipso
545 727 791 800 parocho
854 727 1191 798 inspectante
1255 746 1307 785 et

78 823 517 896 obstupescente.
580 824 634 877 Is
682 823 855 877 filium
898 824 1040 877 ultro
1087 825 1306 879 Nostris

79 917 300 986 obtulit,
356 935 525 988 quem
584 917 1016 990 Bransbergam,
1066 918 1305 974 Olomu·

80 1012 290 1067 tiumve
323 1013 677 1082 deducerent,
706 1013 800 1067 sed
838 1028 1012 1068 certas
1040 1014 1112 1069 ob
1148 1033 1306 1069 caus-

80 1126 169 1162 sas
194 1126 322 1162 eum
351 1108 471 1162 loco
513 1127 627 1162 non
667 1127 889 1164 movere
925 1109 1095 1164 satius
1129 1110 1307 1166 visum

81 1218 189 1273 est,
220 1222 396 1258 unum
434 1205 725 1259 dumtaxat
768 1205 1174 1260 adolescentem
1208 1225 1309 1261 no-

84 1299 207 1354 bilis
233 1300 466 1354 luterani
501 1300 678 1354 filium
710 1301 1037 1371 eduxerunt,
1073 1301 1309 1358 Curlan-

83 1396 205 1450 diae
269 1378 561 1468 primitiaS,
611 1397 705 1469 qui
762 1398 1031 1470 plurimas
1099 1399 1313 1469 linguas

82 1491 261 1562 sciret,
306 1492 558 1562 latinam,
609 1493 1007 1566 germanicam,
1048 1494 1310 1567 goticam,

80 1586 416 1658 polonicam,
469 1587 811 1643 ruthenicam
875 1603 926 1643 et
992 1589 1311 1645 moscoviti-

83 1700 228 1752 cam,
262 1701 431 1755 quem
464 1683 613 1738 brevi
635 1684 831 1738 fratres
857 1684 996 1739 duos
1031 1700 1312 1741 secuturos

85 1796 394 1850 speramuS.
427 1779 677 1834 Illuxeno
707 1780 910 1854 Rigam
937 1799 1123 1835 versus
1152 1782 1313 1854 (quae

92 1874 354 1951 Livoniae
395 1889 560 1949 caput
599 1890 702 1945 est,
732 1895 951 1949 quoque
988 1877 1107 1931 Rex
1154 1879 1315 1933 Polo-

84 1970 206 2024 niae
231 1989 371 2040 sese,
409 1990 542 2044 pace
570 1971 735 2041 facta,
779 1973 1154 2045 transtulerat>
1203 1992 1312 2028 non

88 2065 202 2121 sine
244 2066 559 2122 difficultate
605 2067 1026 2137 contenderunt,
1077 2069 1317 2123 flumini-

89 2163 194 2217 bus
219 2164 428 2236 passim
467 2162 901 2231 occurrentibuS,
947 2181 1089 2235 quae
1130 2164 1205 2218 illi
1240 2165 1315 2217 in-

88 2259 293 2314 formes
343 2261 528 2315 alveos
586 2279 652 2315 ex
710 2258 1001 2314 arboribus
1059 2274 1317 2314 cavantes

91 2370 388 2429 utcumque
415 2357 779 2429 trajiciebant,
812 2373 1092 2426 equosque
1126 2370 1318 2409 nantes

92 2453 219 2507 loris
263 2472 295 2508 a
337 2454 618 2527 puppibus
650 2450 962 2508 trahebant.
1006 2450 1156 2503 Misit
1199 2450 1313 2504 Rex
