1738 2867
840 245 1071 276 —2—

341 430 552 485 sancta,
570 435 685 470 sese
710 416 763 469 in
790 434 913 470 eam
938 415 1373 488 pacificationem
1401 416 1558 471 inter-

341 526 585 586 poneret.
609 513 751 565 Rem
772 511 1029 564 Pontifex
1052 510 1281 565 libenter
1299 512 1555 584 suscepit,

341 609 463 663 ideo
510 606 684 678 quod„
721 606 1017 678 pacificatis
1060 607 1279 661 duobus
1325 607 1462 662 inter
1502 628 1558 663 se

342 701 730 775 potentissimis
784 701 1028 773 Regibus
1049 744 1062 770 .,
1108 702 1341 756 alterum
1392 703 1557 756 etiam

344 815 472 852 cum
500 796 741 850 Ecclesia
767 796 1178 850 reconciliatum
1203 797 1265 850 iri
1293 813 1553 868 speraret.

343 892 549 946 Missus
574 905 652 944 est
677 891 840 961 hujus
865 892 941 945 rei
968 910 1163 945 caussa
1189 892 1255 945 P.
1282 893 1559 947 Antonius

347 985 726 1040 possevinus5
764 986 849 1057 (is,
891 988 1080 1058 paucis
1114 1002 1239 1042 ante
1276 988 1490 1059 diebus,
1532 1008 1559 1043 e

345 1082 559 1137 Svetica
587 1081 846 1135 missione
874 1080 894 1113 0
921 1082 1198 1154 redierat),
1228 1084 1343 1155 qui,
1368 1084 1560 1138 Ponti-

347 1179 458 1232 ficis
491 1177 723 1231 Maximi
756 1178 979 1232 nomine
1007 1192 1058 1232 et
1083 1177 1426 1247 auctoritate,
1462 1195 1559 1249 pa-

346 1292 463 1327 cem
485 1274 621 1326 inter
642 1273 763 1326 illos
782 1273 1052 1345 principes
1082 1272 1268 1344 aequis
1291 1272 1560 1327 conditio·
1638 1324 1643 1328 .

348 1368 510 1422 nibus
559 1367 933 1436 constitueret,
979 1368 1252 1440 simulque
1297 1386 1392 1440 per
1440 1386 1563 1422 eam

348 1462 692 1517 occasionem
727 1477 962 1532 curaret,
992 1478 1049 1517 ut
1083 1463 1402 1517 Moscoviae
1439 1463 1563 1516 Dux

349 1558 418 1612 ad
443 1557 714 1612 Ecclesiae
737 1558 1032 1613 catholicae
1055 1558 1323 1631 gremium
1343 1557 1558 1613 rediret.

349 1653 494 1708 Cum
548 1653 632 1707 his
685 1654 982 1723 mandam,
1032 1655 1334 1726 Moscoque
1386 1655 1564 1726 legato

352 1749 416 1802 P.
474 1749 805 1803 Possevinus
859 1750 930 1803 acl
990 1769 1063 1804 vii
1138 1752 1263 1804 Kal.
1334 1750 1564 1822 Aprilis,

350 1862 496 1899 anno
543 1845 705 1914 1581,
737 1845 924 1899 Roma
951 1847 1228 1919 profectus
1267 1846 1336 1901 ab
1383 1846 1563 1900 omni-

350 1944 453 1998 bus
507 1944 838 2012 civitatibus,
904 1961 1232 2015 quacunque
1293 1942 1566 2011 veniebat,

351 2038 895 2092 honorificentissime
942 2050 1199 2108 exceptus
1252 2049 1352 2105 est,
1402 2053 1565 2107 quem

352 2129 618 2183 honorem
646 2145 762 2185 tum
789 2151 887 2188 sua
909 2132 1010 2205 ipsi
1033 2146 1226 2204 sponte
1267 2150 1329 2185 ac
1367 2131 1568 2201 judicio

353 2224 628 2295 praesides
651 2226 926 2281 civitatum
963 2227 1280 2296 exhibuere,
1302 2243 1419 2283 tum
1441 2246 1568 2281 vero

356 2322 636 2376 Pontificis
660 2324 891 2379 Maximi
922 2325 1201 2379 voluntate
1227 2338 1278 2378 et
1314 2323 1566 2396 imperio7

356 2416 448 2485 qui
500 2435 561 2470 ea
628 2418 984 2474 humanitatis
1040 2419 1188 2473 fama
1244 2420 1566 2473 Moscorum
