1738 2867
780 179 886 246 ‘-
922 214 990 277 46
1030 242 1090 250 —
1160 186 1166 187 f

345 392 648 464 Polonique
689 396 741 448 in
798 397 860 452 Ρ,
903 399 1186 455 Possevini
1228 404 1555 464 tabernacu-

341 486 456 540 lum
476 488 803 559 coibant7ibi
826 493 892 547 de
912 512 1045 565 pace
1065 498 1334 569 agebant:
1363 522 1553 561 verum
1628 502 1631 505 ⁵

341 595 453 635 tota
488 602 570 636 res
609 586 768 639 variis
807 590 1039 659 querelis
1077 607 1127 646 et
1152 594 1551 657 criminationi-

339 675 438 728 bus
470 676 882 750 interponendis
926 683 979 737 in
1023 686 1255 743 alterum
1301 709 1546 749 mensem

334 786 571 827 extracta
597 790 694 829 est.
726 778 979 834 Tandem
1006 783 1074 835 ad
1102 802 1172 837 ΧΠ
1200 784 1410 843 circiter
1434 790 1544 847 kal.

336 867 494 923 Febr.
543 870 625 924 his
670 874 1076 931 conditionibus
1104 899 1207 957 pax
1253 886 1546 942 constituta

329 977 429 1033 est,
457 979 513 1018 ut
534 965 758 1021 Moscus
779 969 1008 1026 Livonia
1029 976 1239 1031 cederet
1264 980 1541 1053 universa,

328 1058 571 1113 Polonus
634 1078 822 1118 contra
872 1067 1117 1123 redderet
1173 1090 1346 1144 arceS‚
1403 1095 1543 1149 quas

323 1153 467 1208 hisce
493 1156 711 1211 duobus
745 1161 902 1214 annis
928 1164 1155 1236 cepisset
1180 1183 1343 1241 atque
1369 1171 1424 1226 in
1451 1192 1542 1228 eas

323 1247 659 1304 conditiones
702 1252 901 1308 Poloni
945 1271 995 1310 et
1031 1258 1208 1315 Mosei
1246 1262 1404 1335 legati
1440 1267 1538 1323 rite

318 1341 567 1409 jurarunt
591 1344 655 1398 54.
693 1345 822 1418 Qua
862 1350 915 1404 in
960 1371 1015 1406 re
1053 1355 1124 1408 ad
1150 1356 1413 1415 laetitiam
1435 1379 1532 1416 cu-

316 1439 642 1495 mulandam
665 1450 1053 1515 percommode
1076 1454 1290 1524 cecidit,
1319 1471 1377 1511 ut
1404 1475 1533 1514 cum
1582 1473 1589 1481 ’

319 1535 655 1595 polonorum
696 1542 1006 1616 legatorum
1047 1552 1287 1608 scribam
1318 1555 1530 1612 Ruthe-

313 1630 433 1684 nico
473 1633 763 1691 schismate
811 1640 1073 1698 infectum
1111 1646 1286 1703 Mosei
1332 1652 1528 1709 eadem

311 1723 411 1795 ipsi
437 1726 555 1781 labe
581 1730 826 1803 adspersi
854 1737 923 1789 ad
950 1757 1108 1794 suam
1133 1761 1350 1799 crucem
1374 1746 1528 1802 deos-

310 1819 601 1875 culandam
634 1825 705 1894 <id
741 1829 884 1883 enim
913 1835 1060 1904 apud
1093 1837 1336 1893 Polonos
1366 1841 1524 1898 Mos-

308 1929 507 1985 cosque
552 1920 960 1980 sanctissimum
994 1943 1074 1982 est
1115 1930 1520 2009 jusjurandum)

306 2009 618 2084 invitarent,
654 2018 696 2070 is
722 2034 905 2077 tamen
943 2027 1013 2079 ad
1049 2045 1317 2102 nostram,
1355 2036 1407 2089 id
1441 2051 1521 2092 est

303 2106 697 2166 catholicorum
731 2133 971 2190 crucem⁷
1007 2141 1148 2194 quae
1196 2126 1250 2180 in
1281 2129 1344 2182 Ρ.
1378 2131 1519 2186 Pos-'

300 2201 469 2255 sevini
507 2205 861 2266 tabernaculo
901 2230 1015 2271 erat
1053 2223 1352 2294 proposita,
1389 2244 1516 2282 cum

300 2294 485 2366 legatis
513 2298 738 2357 Polonis
783 2312 1088 2383 accesserit,
1125 2334 1357 2390 eamque
1389 2321 1513 2376 reli-

298 2389 444 2460 giose
472 2394 537 2449 sit
562 2396 928 2459 deosculatus.
965 2409 1120 2465 Haec
1154 2432 1259 2485 pax
1286 2429 1404 2472 tum
1429 2437 1512 2473 ar-
