1738 2867
182 411 337 466 victis
370 411 595 484 populis
621 408 940 464 Catholicae
966 407 1086 461 fidei
1115 407 1297 460 lumen
1326 405 1402 459 in—

182 507 370 562 ferret.
409 506 567 560 Haec
591 505 727 558 dum
759 504 998 559 maxime
1034 518 1291 577 aguntur,
1327 503 1402 556 le-

183 603 291 675 gati
330 621 362 656 a
409 601 727 655 Moscoviae
772 601 923 654 Duce
975 614 1238 654 venerunt
1277 616 1402 653 cnm

183 715 387 770 magno
428 698 732 751 litterarum
782 696 1062 750 volumine
1115 695 1403 767 (quinqua-

185 794 337 866 ginta
376 794 636 848 foliorum
675 812 769 847 eae
797 792 1053 846 dicuntur
1086 792 1250 845 fuisse
1283 788 1396 857 23)3

186 889 239 943 hi
287 907 416 943 cum
458 889 510 943 in
553 903 768 958 senam,
811 890 905 962 qui
945 891 1048 944 illis
1089 891 1159 944 ad
1197 909 1263 944 xv
1293 889 1398 943 kal.

188 985 428 1057 Augusti
469 985 631 1040 datus
673 1000 751 1040 est
778 987 936 1059 longe
963 987 1242 1041 inferiores
1274 1004 1404 1040 con-

187 1079 422 1135 ditiones
469 1081 744 1149 afferrent,
783 1101 954 1154 quam
987 1082 1297 1155 superiores
1331 1082 1406 1135 le-

185 1176 296 1248 gati
339 1176 666 1232 obtuiissent
697 1178 950 1248 (Livonia
992 1177 1139 1231 enim
1179 1177 1408 1230 Moscus

187 1273 438 1340 cedebat,
475 1270 747 1325 Narviam
793 1290 855 1325 ac
898 1271 1175 1325 maritima
1204 1269 1408 1342 oppida

187 1369 292 1424 sibi
351 1368 719 1437 reservabat),
778 1368 928 1435 Rex,
985 1381 1209 1438 questus
1274 1366 1407 1419 nihil

186 1465 337 1520 aliud
378 1481 549 1536 quam
597 1481 817 1518 moram
866 1476 918 1517 et
973 1462 1291 1516 dilationem
1334 1463 1407 1515 rei

189 1560 460 1634 gerendae
500 1558 724 1630 quaeri,
768 1559 973 1631 legatos
1014 1576 1045 1611 a
1087 1577 1142 1612 se
1178 1556 1406 1625 dimisit,

190 1670 417 1710 testatus
458 1673 524 1709 ne
576 1654 810 1709 Livonia
869 1654 1092 1726 quidem
1156 1653 1408 1707 universa

188 1751 445 1823 deinceps
481 1765 803 1806 contentum
855 1770 910 1804 se
965 1750 1098 1804 fore.
1148 1752 1231 1804 Ac
1279 1768 1409 1803 sane

189 1846 497 1901 certissima
547 1847 645 1902 Dei
698 1846 912 1919 Optimi
959 1845 1192 1900 Maximi
1227 1844 1409 1917 provi·

190 1943 375 1998 dentia
414 1942 621 1998 factum
665 1956 781 2011 est,
825 1957 883 1996 ut
935 1942 988 1996 in
1042 1941 1174 1995 illud
1229 1942 1411 2012 ipsum

191 2055 412 2112 tempus
442 2040 781 2095 Nostrorum
822 2039 1092 2092 adventus
1133 2038 1410 2104 incideret,

193 2153 321 2188 cum
357 2148 585 2206 uterque
630 2134 892 2207 Princeps
939 2153 1133 2207 pacem
1186 2147 1411 2205 exopta-

192 2243 350 2297 rent,
392 2228 568 2283 neutri
619 2243 801 2283 tamen
848 2248 971 2283 cum
1017 2248 1115 2283 sua
1154 2228 1414 2301 dignitate

191 2324 344 2396 pacis
400 2324 742 2379 conditiones
787 2343 1094 2396 proponere
1140 2324 1412 2395 integrum

194 2434 352 2475 esset.
405 2419 634 2475 Moscus
678 2419 822 2475 enim
864 2419 916 2473 in
958 2418 1058 2487 iis,
1102 2437 1238 2490 quas
1280 2417 1410 2486 dixi,
