1738 2867
786 253 1039 299 -14-

297 425 428 478 item
453 424 630 496 ligneo
665 423 869 492 aditur,
905 440 1069 494 quem
1113 422 1362 493 utrinque
1400 440 1506 477 MCC

298 520 501 592 pedites
545 519 862 590 cingebant,
905 518 958 572 hi
1000 517 1190 571 festiva
1242 518 1507 592 sclopeto-

298 633 449 683 rum,
501 614 884 685 majorumque
946 626 1348 667 tormentorum
1403 614 1508 668 dis-

298 709 544 781 plosione
574 710 808 763 Nostros
835 693 1274 780 pertranseuntes
1306 709 1507 763 saluta-

296 819 451 871 runt,
480 804 720 875 populus
753 817 1032 875 praeterea
1068 802 1272 856 effusus
1311 802 1508 858 faustis

296 899 801 966 acclamationibus,
839 916 990 971 more
1040 897 1240 969 patriO,
1267 899 1502 970 excepit,

298 1013 468 1065 eaque
487 994 834 1048 multitudine
853 993 1107 1046 universa
1123 1007 1504 1065 prosequente,

297 1091 365 1144 ad
388 1090 690 1162 hospitium
717 1089 1263 1144 honorificentissime
1288 1090 1506 1145 deducti

296 1202 446 1254 sunt,
473 1186 525 1239 id
560 1200 673 1239 erat
718 1185 773 1239 in
815 1185 1080 1240 suburbio
1113 1186 1379 1257 positum,
1421 1203 1505 1238 re-

297 1300 422 1335 cens
453 1324 466 1350 ,
509 1296 565 1335 ut
606 1281 931 1351 videbatur,
973 1295 1348 1349 exstructum,
1405 1281 1503 1334 secl

294 1378 464 1449 gentis
500 1396 652 1432 more
688 1377 761 1432 ab
793 1377 944 1431 omni
992 1379 1154 1450 plane
1189 1378 1507 1450 supellectili

293 1490 548 1539 vacuum,
576 1473 650 1527 sie
678 1488 736 1527 ut
758 1491 824 1527 ne
850 1474 981 1527 sella
1009 1473 1231 1545 quidem
1267 1474 1376 1527 ulla
1412 1489 1507 1529 aut

295 1586 580 1622 scamnum
625 1569 912 1639 viseretur,
951 1583 1100 1623 extra
1142 1587 1226 1638 ea,
1269 1588 1411 1641 quae
1448 1570 1503 1623 in

293 1664 630 1735 hypocausto
680 1664 874 1736 parieti
913 1679 1069 1718 erant
1117 1664 1295 1720 affixa.
1339 1664 1503 1720 Smo-

294 1759 457 1812 lentio
483 1779 534 1813 v1
574 1760 655 1814 Id.
681 1758 907 1815 Sextiles
946 1759 1255 1830 Starisiam,
1290 1760 1385 1814 ubi
1410 1779 1505 1833 per

294 1854 348 1907 id
389 1868 606 1927 tempus
646 1856 962 1910 Moscoviae
996 1859 1118 1911 Dux
1158 1856 1500 1926 versabatur,

293 1949 819 2022 quadringentorum
845 1970 1112 2022 passuum
1152 1952 1384 2008 millium
1416 1954 1501 2009 iti-

294 2062 418 2097 nere
440 2060 810 2116 perrexerunt.
848 2046 1004 2100 Haec
1036 2065 1129 2100 arx
1157 2048 1227 2101 acl
1261 2048 1501 2121 Volgam

292 2139 520 2193 fluvium
569 2154 840 2194 exstructa
889 2155 988 2210 est,
1036 2142 1130 2213 qui
1178 2144 1500 2216 longissimo

294 2249 464 2288 tractu
509 2235 725 2288 duobus
771 2250 820 2289 et
869 2238 1215 2310 septuaginta
1256 2239 1406 2293 ostiis
1446 2241 1500 2294 in

294 2336 445 2384 mare
477 2331 743 2404 Caspium
784 2333 1043 2403 decurrit,
1071 2335 1358 2390 Moscovia
1383 2336 1497 2390 leu-

294 2426 368 2479 cis
412 2440 629 2481 centurn
676 2428 838 2482 distat
870 2436 936 2484 29.
973 2430 1078 2483 Vix
1117 2449 1313 2503 passus
1353 2431 1502 2486 mille
